3742 5667
613 810 675 866 VlE
695 809 745 866 DE
765 807 876 866 Lotus
896 809 946 865 La
965 808 1074 866 GROS.
1277 817 1281 823 ’
1334 812 1368 869 ll

313 955 349 1012 ct
359 939 424 1012 alia
449 937 661 1038 hujusmodi
684 963 810 1014 eorum
837 939 1028 1036 scriptores
1049 938 1242 1038 depingant
1261 966 1270 1011 ε
1291 965 1371 1033 nos,

313 1056 394 1154 quia
424 1056 693 1155 proposuimus,
728 1055 833 1152 gestis
859 1059 1079 1128 Francorum
1118 1054 1240 1128 stilum
1269 1057 1377 1156 repli-

313 1173 464 1243 cemus¹.

359 1293 404 1360 X.
434 1285 606 1360 Prolatus
627 1289 747 1385 itaque
773 1311 895 1360 comes
918 1286 1028 1359 Wido
1056 1285 1102 1359 de
1130 1279 1229 1382 Rupe
1254 1286 1371 1371 Forti,

310 1403 484 1502 qnoniam
530 1402 743 1476 aemulorum
786 1402 1053 1478 machinatione
1100 1400 1375 1475 matrimonium

311 1518 410 1616 quod
434 1518 716 1592 contrahebatur
743 1520 838 1592 inter
861 1518 1051 1591 dominum
1082 1518 1305 1612 designatum
1339 1532 1377 1590 et

311 1633 422 1706 filiam
439 1659 556 1726 suam,
576 1635 880 1733 consanguinitate
901 1634 1118 1733 impetitum,
1137 1633 1293 1707 divortio
1316 1658 1376 1706 so·

312 1750 428 1822 lutum
462 1751 500 1822 in
529 1752 714 1849 praesentia
745 1750 884 1823 domini
921 1775 1020 1850 papae
1046 1751 1181 1842 fuerat,
1224 1772 1375 1823 rancore

312 1865 421 1937 animi
444 1880 634 1964 concepto,

449 2043 608 2104 Scintillam
622 2048 736 2104 tenuem
748 2056 906 2104 commotos
922 2043 1004 2124 pavit
1020 2044 1050 2104 in
1063 2045 1174 2123 ignm’.

313 2190 379 2259 llec
414 2185 538 2264 minus
565 2186 734 2260 dominus
763 2186 968 2283 designatus
1000 2189 1036 2260 in
1063 2212 1149 2262 eum
1178 2188 1372 2284 zelabatur,

313 2327 391 2376 cum
413 2301 539 2376 subito
558 2302 817 2376 Garlandenses
832 2327 870 2377 se
884 2303 1167 2378 intermiscentes
1180 2305 1374 2382 amicitiam

313 2417 469 2511 solvunt,
503 2417 620 2492 foedus
649 2417 883 2509 desoederant,
912 2418 1115 2493 inimicitias
1147 2438 1371 2518 exaggerant.

314 2537 442 2606 Nactus
467 2534 588 2632 itaque
614 2534 839 2606 occasionem
858 2532 1017 2606 bellandi
1039 2534 1242 2632 designatus
1255 2538 1372 2610 domi·

313 2675 393 2742 nus,
424 2648 595 2750 eoquod
623 2655 726 2746 Hugo
754 2650 800 2723 de
828 2654 1033 2750 Pompona,
1063 2651 1166 2726 miles
1191 2667 1372 2743 strenuus,
1485 2701 1495 2724 .

314 2766 525 2840 castellanus
538 2766 583 2839 de
592 2769 771 2857 Gornaco,
784 2781 901 2841 castro
913 2792 1021 2867 super
1030 2767 1180 2840 fluvium
1192 2769 1376 2840 Matronae'

314 2883 393 2974 sito,
412 2897 658 2956 mercatorum
681 2882 719 2955 in
742 2883 836 2978 regia
857 2897 966 2956 strata
992 2907 1104 2982 equos
1128 2909 1172 2955 ex
1192 2884 1374 2981 insperato

314 2997 428 3095 rapuit
462 3011 498 3070 et
520 3002 725 3072 Gornacum
748 2997 896 3071 adduxit
918 3026 927 3069 :
952 2999 1029 3096 ejus
1046 2998 1262 3071 contumelia
1282 3023 1373 3097 prae-

315 3113 526 3211 sumptionis
537 3137 629 3212 pene
644 3129 743 3187 extra
758 3139 796 3186 se
808 3114 946 3213 positus
955 3113 1170 3206 Ludovicus,
1181 3115 1375 3188 exercitum

315 3227 624 3324 colligit,castrum
640 3229 757 3302 subita
774 3228 977 3323 obsidione,
996 3244 1037 3302 ut
1051 3229 1197 3325 victpali
1213 3246 1375 3304 carerent
1505 3324 1510 3333 Ι

315 3343 1374 3442 opulentia,velocissimecingitflaeretcastelloinsulagrata

315 3462 520 3534 amoenitate
532 3460 763 3559 pabulorum,
778 3461 879 3557 equis
892 3474 929 3533 et
943 3459 1136 3560 pecoribus
1146 3463 1374 3560 opimazquae
1451 3471 1457 3480 ‘

318 3601 355 3650 se
378 3575 630 3676 aliquantisper
653 3575 775 3666 laum,
800 3575 865 3648 sed
888 3575 971 3675 plus
991 3574 1136 3672 longam
1155 3576 1371 3674 producens,

316 3690 507 3764 maximam
530 3689 718 3790 oppidanis
738 3689 877 3763 confert
898 3690 1102 3781 utilitatem,
1126 3715 1210 3763 cum
1231 3706 1266 3765 et
1291 3716 1371 3790 spa-

317 3803 496 3878 tiantibus‘
516 3805 784 3881 decurrentium
804 3831 979 3907 aquarum
992 3805 1185 3880 clarificam
1200 3804 1372 3880 exhilara-

360 4050 389 4106 t.
407 4045 533 4126 Explicit
544 4047 659 4108 tertium
672 4049 864 4126 fragmentum
875 4046 943 4111 cod.
957 4051 1015 4110 133
1033 4048 1184 4110 insertum.

359 4139 390 4196 2.
408 4139 516 4198 Lucani
530 4141 648 4214 Phara„
661 4143 696 4211 V,
711 4143 781 4203 ttae.

359 4235 389 4290 3.
409 4235 553 4290 Maumoe
566 4233 655 4292 6265.
681 4267 721 4280 -
738 4231 794 4309 Qui
808 4233 889 4294 locus
901 4232 1081 4294 nuncetiam
1102 4231 1209 4294 dicitur
1229 4237 1376 4310 Gournay·

317 4327 500 4385 sur-Marna

360 4423 391 4480 le.
411 4425 446 4480 Et
465 4443 529 4480 cum
547 4425 734 4500 spatiantibus
753 4424 862 4485 tttto.
882 4457 922 4472 -
942 4428 1013 4488 eum
1031 4445 1062 4484 se
1081 4424 1271 4502 spatiantibus
1294 4427 1372 4487 tart

318 4525 406 4592 atque
417 4515 484 4578 edit.
500 4515 605 4578 Chesn.
