3742 5667
1420 516 1450 627 i

537 776 595 835 tes
753 767 921 831 mutans
940 754 1156 832 cournirss
1174 772 1226 829 ns
1245 771 1380 831 suana.

537 932 647 1006 qoam
661 932 766 981 canes
791 906 830 978 in
850 905 973 979 relicta
994 904 1166 978 cadavera
1183 902 1477 995 debacchantem
1494 904 1602 977 iuno-

537 1040 680 1097 centem
717 1022 851 1095 laniare
881 1020 1110 1119 gaudebant,
1143 1044 1370 1120 summopere
1409 1019 1601 1117 gloriantes
1708 1074 1709 1103 ,

537 1141 638 1239 quod
659 1163 769 1240 opere
792 1139 975 1238 complere
1007 1152 1200 1237 potuerant
1223 1162 1332 1235 quem
1358 1151 1602 1237 conceperant
1708 1112 1709 1189 l

538 1257 702 1331 dolorem
723 1269 760 1327 et
772 1278 881 1351 quam
901 1269 1115 1354 pepererant
1132 1253 1355 1354 iniquitatem
1372 1256 1395 1326 ¹.
1416 1258 1460 1327 Et
1482 1277 1599 1352 appo·
1708 1284 1709 1315 t

536 1387 662 1445 nentes
686 1370 910 1467 iniquitatem
930 1395 1038 1471 super
1057 1370 1297 1468 iniquitatem,
1316 1384 1440 1469 utpote
1462 1369 1602 1443 malitia

537 1514 602 1561 sua
622 1487 798 1577 excaecati,
828 1510 1076 1585 quoscumque
1100 1484 1323 1575 castellanos,
1350 1508 1602 1584 quoscumque

538 1602 732 1678 nobiliores
745 1603 887 1676 comitis
901 1603 1068 1694 barones,
1086 1602 1158 1675 sive
1173 1604 1211 1675 in
1224 1601 1350 1677 eadem
1364 1600 1512 1675 ecclesia
1525 1601 1602 1674 sive
1708 1588 1709 1599 ¹

538 1737 637 1794 extra
653 1722 692 1792 in
706 1735 824 1793 castro
846 1718 1029 1793 offendere
1049 1734 1232 1819 poterant,
1251 1718 1494 1793 infelicissimo
1526 1719 1600 1791 mi·
1708 1718 1709 1801 J

538 1862 623 1911 serae
638 1836 765 1910 mortis
781 1860 923 1934 genere,
942 1837 1138 1936 imparatos
1153 1862 1221 1910 nec
1236 1836 1419 1910 confessos
1440 1833 1601 1909 trucida-

537 1952 638 2026 bant.
656 1950 797 2041 Quibus
809 1967 929 2025 tamen
947 1951 1117 2052 prodesse
1132 1951 1234 2026 valde
1247 1953 1480 2045 arbitramur,
1496 1951 1602 2050 quod
1708 1944 1709 1959 ¹

539 2092 606 2166 pro
628 2067 800 2141 fidelitate
817 2065 956 2141 domini
979 2070 1034 2140 sui
1066 2067 1184 2142 taliter
1203 2069 1361 2161 mactati,
1389 2068 1426 2141 in
1453 2067 1602 2141 ecclesia

537 2199 680 2258 orantes
687 2197 771 2257 sunt
787 2184 1262 2283 reperti,cumscriptumsit
1276 2211 1284 2256 ε
1299 2183 1368 2257 Ubi
1377 2186 1600 2274 ermenero,
1708 2268 1709 2285 ἢ

538 2298 840 2399 ibitejudicobo⁸.
868 2301 1047 2373 Comitem
1067 2324 1155 2373 vero
1174 2315 1292 2374 truces
1308 2301 1345 2373 in
1363 2302 1438 2400 ipsa
1452 2297 1604 2373 ecclesia
1708 2296 1709 2331 ¹

537 2414 776 2510 trunulantes,
812 2441 857 2489 ne
894 2415 1096 2490 honorifice
1129 2432 1229 2491 entra
1261 2416 1540 2515 deplangeretur
1568 2431 1604 2490 et
1708 2412 1709 2417 ’

536 2532 758 2631 sepeliretur,
780 2546 816 2605 et
833 2558 902 2633 pro
924 2533 1079 2629 gloriose
1099 2534 1170 2607 vita
1192 2548 1229 2607 et
1253 2531 1460 2631 gloriosiore
1481 2546 1604 2607 morte

537 2648 689 2722 devotus
707 2648 861 2749 populus
880 2650 917 2721 in
944 2650 1020 2747 ejus
1045 2648 1219 2724 ultionem
1244 2650 1464 2742 incitaretur,
1485 2648 1604 2723 eccle·
1708 2668 1709 2721 ῖ

536 2767 626 2839 siam
638 2766 752 2864 ipsam
765 2765 974 2864 speluncam
984 2765 1165 2840 latronum
1175 2780 1381 2858 statuentes,
1398 2781 1472 2839 tam
1484 2767 1605 2865 ipsam

508 2949 513 2958 .
536 2904 646 2980 quam
661 2881 804 2955 comitis
825 2880 977 2954 domum
1000 2881 1154 2956 ecclesiae
1174 2880 1407 2956 inhaerentem
1432 2880 1602 2955 munive-

537 3012 636 3089 runt,
661 3012 697 3070 et
718 2996 1005 3096 quibuscumque
1025 3000 1157 3098 paratis
1171 2999 1380 3073 victualium
1403 2997 1600 3088 alimentis,
1708 3000 1709 3009 ³

537 3125 574 3183 et
592 3113 726 3211 seipsos
748 3112 875 3185 exinde
904 3129 1104 3212 protegere,
1138 3129 1174 3187 et
1204 3129 1338 3187 terram
1368 3114 1437 3187 sibi
1456 3114 1604 3187 allicere
1708 3106 1709 3111 ¹

537 3251 678 3300 summa
690 3229 856 3329 superbia
872 3225 1086 3303 deliberant.

584 3346 685 3417 Tanti
706 3346 816 3441 igitur
838 3361 874 3419 et
890 3361 965 3418 tam
988 3345 1151 3420 scelerati
1166 3347 1319 3421 horrore
1334 3347 1417 3421 tacti
1439 3346 1599 3437 attoniti,

536 3460 600 3557 qui
622 3460 678 3532 his
696 3484 771 3533 non
791 3466 1060 3535 consenserant⁸
1082 3462 1253 3537 Flandriae
1270 3465 1437 3556 barones,
1455 3462 1601 3557 lachry·
1708 3548 1709 3555 ἵ

576 3736 607 3796 l.
625 3734 804 3797 omittuntur
824 3736 855 3797 in
873 3738 941 3800 eod.
960 3741 1059 3801 tatto
1077 3737 1167 3800 rerba
1185 3740 1247 3843 baec
1266 3762 1274 3802 ε
1299 3746 1447 3819 Tanquam
1464 3760 1551 3801 cuites
1574 3746 1606 3799 in
1708 3724 1709 3775 Ῡ

536 3832 639 3888 relicta
651 3833 792 3891 cadavera
800 3832 1014 3895 debacchantes.

575 3925 606 3981 Ξ.
621 3923 753 3985 Meminit
768 3926 907 4005 Sugerius
924 3928 1030 3989 Psalmi
1056 3950 1108 4003 vn,
1139 3934 1198 3991 lb:
1219 3934 1352 4010 Concepit
1369 3932 1493 3991 Momm
1506 3943 1537 3991 et
1546 3951 1605 4009 pe·

531 4021 611 4091 perit
624 4022 815 4096 iniquitatem.

577 4112 608 4170 3.
624 4113 694 4171 Haee
714 4113 802 4173 rerba
816 4113 847 4173 in
863 4114 952 4175 sacris
969 4116 1124 4197 scripturis
1141 4119 1283 4198 nusqnim
1301 4131 1469 4179 occurrunt.
1490 4118 1606 4180 Allndit

534 4199 893 4357 iiffibiugmmdim
903 4208 1071 4285 Ezechielis,
1096 4232 1162 4293 cap.
1187 4232 1239 4291 vu,
1266 4212 1457 4275 &Indicabo
1470 4226 1499 4272 te
1510 4220 1605 4288 jactu

577 4392 607 4451 li.
618 4389 665 4450 Sic
677 4404 735 4453 tres
746 4394 832 4456 codd.
848 4408 878 4455 et
889 4396 961 4459 edit.
973 4396 1121 4462 Benediot.
1135 4432 1177 4449 -·
1192 4404 1355 4476 Causarum,
1368 4400 1456 4477 mali,
1473 4404 1547 4465 tta.
1563 4436 1605 4450 -

531 4484 724 4562 ¹deseruerant
735 4488 854 4569 reliquae
865 4490 1017 4555 editiones.
