3742 5667
442 795 499 853 res
659 794 822 852 mumcs
843 776 1055 853 concurras
1075 794 1126 850 ur
1147 792 1281 853 sacra.

441 922 531 995 citus
547 920 763 1015 differretur,
780 937 816 995 et
831 924 943 997 trevia
957 924 1051 996 inter
1069 948 1133 996 vos
1148 938 1253 1013 esset,
1269 940 1306 996 et
1326 922 1373 995 de
1387 924 1507 997 trevia

441 1036 485 1109 ad
500 1064 625 1137 pacem
643 1053 868 1113 tractaretur.
888 1039 1057 1137 Ejusdem
1082 1043 1222 1113 autem¹
1242 1041 1384 1114 comitis
1401 1066 1501 1112 nuu-

439 1154 508 1227 tios
532 1179 596 1227 vos
617 1152 795 1239 habuisse,
821 1170 856 1228 et
880 1154 1045 1227 diffusius
1070 1172 1193 1227 vestrae
1229 1156 1402 1230 nobilitati
1420 1182 1505 1229 rem

440 1271 618 1368 aperuisse
642 1295 715 1343 non
738 1270 964 1369 ambigimus.
980 1272 1217 1343 serenitatem
1229 1270 1409 1371 siquidem
1423 1297 1506 1343 ves-

441 1400 533 1459 tram
549 1388 675 1487 procul
694 1386 806 1460 dubio
832 1390 920 1461 scire
944 1388 1109 1460 volumus
1134 1387 1233 1486 quod
1261 1390 1298 1460 in
1320 1388 1507 1487 composi-

441 1502 538 1574 tione
562 1504 659 1601 pacis
681 1517 817 1597 vestrae,
845 1517 883 1576 et
910 1504 946 1575 in
969 1502 1256 1602 quibuscumque
1280 1503 1501 1602 poterimus,

440 1618 631 1691 amicitiam
645 1634 798 1692 vestram
811 1634 1055 1692 etvestrorum
1067 1621 1269 1720 promereri
1283 1634 1498 1715 satagemus.

440 1734 547 1807 Novit
561 1736 667 1808 etiam
685 1735 914 1807 Luxoviensis
932 1736 1120 1834 episcopus
1144 1739 1268 1833 quam*
1285 1733 1439 1808 fideliter
1458 1733 1498 1804 iu

441 1850 583 1945 negotio
598 1866 714 1923 vestro
728 1850 968 1923 laboravimus
980 1866 1016 1923 et
1029 1851 1290 1925 elaboramm'.

560 2238 668 2288 xvttt.
698 2240 902 2289 mentuunt
918 2240 1173 2291 marincense!
1190 2242 1368 2291 rattruut.

445 2506 534 2579 Suger
550 2520 685 2577 corvoque
702 2500 795 2561 t’abbe
819 2505 856 2559 de
877 2506 971 2574 Cluen
992 2503 1012 2559 ὰ
1034 2522 1090 2561 uae
1111 2502 1265 2561 assemblee
1283 2503 1422 2579 generale
1449 2502 1502 2557 des

477 2598 594 2672 pretate
606 2609 634 2652 et
645 2598 696 2653 des
704 2595 804 2654 boreus
816 2600 853 2655 de
865 2602 985 2668 Francis,
994 2598 1111 2672 quidoit
1120 2615 1151 2653 se
1163 2601 1238 2653 tenir
1249 2595 1270 2651 ὰ
1280 2598 1419 2656 Clwtrer
1428 2613 1503 2670 ραν

480 2697 572 2748 uviser
585 2690 605 2747 ὰ
617 2696 740 2749 secourr'r
751 2695 793 2749 les
806 2694 949 2750 clareticnr
960 2695 1057 2749 cernes
1071 2694 1144 2749 dam
1157 2691 1305 2749 Antioche.

918 2846 1022 2929 (riso)

490 3058 741 3131 Amantissimo
756 3057 903 3131 domino
913 3076 948 3131 et
962 3060 1053 3158 patri
1068 3058 1278 3149 venerabili,
1291 3059 1357 3131 Dei
1371 3060 1498 3154 gratia,

441 3175 726 3248 Cluniacensium
747 3172 869 3246 abbati
897 3179 1012 3267 Petro,
1030 3177 1195 3273 Sugerius
1220 3177 1319 3248 Beati
1339 3177 1503 3272 Dionysii

439 3290 563 3382 abbas,
583 3289 730 3363 devotas
746 3292 783 3363 in
798 3290 940 3362 Christo
955 3292 1150 3383 orationes,
1171 3291 1302 3363 amoris
1318 3306 1354 3365 et
1366 3292 1501 3364 servitii

440 3406 719 3503 plenitudinem.

488 3522 678 3594 Orientalis
692 3523 845 3596 ecclesiae
859 3522 1110 3614 calamitatem,
1122 3523 1357 3595 etDominioee
1370 3524 1500 3613 crucis,

440 3638 531 3733 regis
555 3638 864 3737 Hierosolymitaui
891 3664 933 3711 ac
954 3638 1106 3712 fratrum
1130 3639 1265 3737 Templi
1281 3654 1317 3711 et
1342 3638 1502 3712 aliorum

480 3878 511 3935 l.
530 3880 630 3933 Autem
647 3874 727 3933 deest
740 3872 770 3932 iu
783 3872 852 3933 edd.
865 3905 905 3919 -
918 3876 948 3935 2.
964 3874 1048 3947 Quod
1059 3870 1128 3931 edd.
1144 3890 1254 3931 omnes.

480 3973 509 4031 3.
542 3970 585 4027 Ex
606 3968 672 4027 cod.
699 3986 753 4026 ms.
780 3968 896 4041 tutet,
922 3966 973 4025 tot.
1002 3968 1052 4027 Π.
1075 3998 1114 4010 -
1133 3968 1255 4025 Marteu.
1279 3966 1402 4037 Auecd„
1426 3976 1448 4025 t.
1471 3966 1499 4035 t,

438 4060 496 4120 col.
513 4063 581 4120 ttt.
598 4093 638 4105 -
651 4064 717 4119 Iler.
733 4064 830 4138 gallic.
848 4066 993 4135 scriptor„
1007 4060 1073 4131 XV,
1090 4061 1159 4116 522.
1171 4090 1210 4103 -
1222 4054 1336 4115 Etenim
1349 4075 1408 4133 pax
1426 4053 1503 4113 inter

439 4173 537 4231 regem
553 4165 582 4213 ct
602 4152 735 4212 comitem
751 4172 804 4232 per
817 4150 941 4224 Amulli,
957 4150 1144 4210 Lexovieusis
1161 4148 1300 4229 episcopi,
1319 4147 1501 4224 negociatio-

439 4264 504 4304 nem
519 4256 671 4323 procurata
685 4256 742 4317 est;
759 4245 810 4303 sed
830 4263 907 4302 auno
929 4247 1018 4321 ttot,
1036 4254 1238 4322 postmortem
1252 4239 1376 4317 sugerii,
1390 4238 1500 4299 bellum

438 4336 641 4399 instauratum.
667 4340 703 4400 V.
732 4340 836 4395 Iterum
853 4341 949 4415 gallic.
971 4342 1083 4412 script„
1108 4338 1177 4409 XII,
1203 4338 1278 4408 5273
1305 4336 1390 4405 XIII,
1409 4335 1500 4407 2925

439 4432 505 4502 XV,
532 4434 602 4490 522.
625 4429 668 4491 Cf.
694 4430 781 4489 etiam
803 4428 893 4508 ipsius
916 4426 1030 4487 Amulli
1052 4426 1089 4486 ad
1109 4425 1261 4509 sugerium
1283 4425 1445 4505 epistolam,
1469 4425 1502 4485 in

439 4526 561 4587 Marteu.
578 4525 700 4599 luced„
715 4535 738 4587 t.
754 4526 780 4597 1,
796 4522 852 4586 col.
869 4524 939 4588 ttt,
