3742 5667
728 845 791 901 VIE
811 845 861 901 Dr:
880 844 1017 902 SUGER.

465 977 520 1038 Sed
537 975 608 1036 setis
619 975 676 1036 huc
689 995 747 1035 uno
760 975 852 1036 voluit
863 988 968 1036 nature
979 974 1118 1055 probare,

501 1073 644 1134 Virtutem
655 1073 759 1152 quavis
774 1073 827 1132 sub
840 1084 905 1132 cute
919 1091 1005 1152 posse
1017 1071 1088 1151 tegi.

462 1164 573 1225 'rullius
587 1185 649 1246 ore,
664 1168 735 1225 Cato
748 1166 870 1244 meritis,
885 1178 914 1226 et
925 1178 1045 1246 pectore
1057 1169 1163 1235 cesar.

501 1257 628 1319 Consilio
641 1279 734 1339 reges,
751 1279 841 1338 regua
855 1258 974 1338 regebat
984 1279 1052 1340 ope·

462 1353 606 1432 Quodque
620 1355 691 1414 Ceto
705 1359 814 1429 Romae,
830 1354 910 1433 quod
926 1353 1024 1433 Scipio
1038 1353 1173 1433 praestitit
1185 1353 1266 1426 oiim,

503 1449 568 1506 Hoc
579 1446 658 1506 sulus
671 1449 767 1526 patrio
779 1447 912 1528 praestitit
922 1447 973 1506 ilie
984 1447 1058 1506 solo.

462 1545 540 1616 Quas
549 1540 650 1600 laudes
665 1540 727 1614 tibi,
738 1561 811 1620 quus
824 1539 934 1613 titulos,
943 1539 1081 1619 qualesve
1094 1541 1267 1622 triumphus,

502 1632 584 1692 Abba
598 1645 692 1713 pater,
707 1633 815 1713 poterit
828 1653 899 1715 grex
911 1653 1046 1693 resonare
1059 1637 1160 1694 tuus?-

462 1725 577 1805 0ptime
591 1725 704 1802 Sugeri,
717 1724 786 1802 quid
800 1736 932 1805 respectu
944 1725 1114 1783 meritorum

502 1818 621 1876 Dicetur
634 1818 771 1896 dignum?
784 1821 859 1877 Ltus
870 1817 926 1876 erit
937 1816 991 1876 istu
1004 1817 1103 1877 brevis
1119 1840 1125 1875 :

462 1912 517 1972 Sed
532 1911 637 1970 coelum
649 1909 702 1970 tibi
716 1931 771 1992 pro
783 1909 892 1970 meritis
903 1910 1055 1992 applaudit
1068 1923 1099 1972 et
1108 1911 1200 1984 orbis,

503 2010 538 2064 Et
546 2004 673 2065 celebrat
684 2003 784 2066 laudes
798 2003 894 2065 Gallia
907 2017 969 2064 tota
982 2017 1058 2065 tuas.

464 2099 594 2158 Arrisere
607 2098 660 2159 tibi
673 2098 801 2158 nascenti
815 2099 909 2158 sidera
922 2112 1045 2180 septem,

502 2194 733 2270 Prospectusquc
745 2190 799 2250 suit
813 2193 913 2270 risque
927 2190 1050 2250 salubris
1060 2192 1111 2252 eis.

401 2337 405 2344 .
461 2287 623 2346 Thesauros
635 2285 688 2346 tibi
705 2286 786 2365 larga
800 2306 868 2346 suos
880 2299 984 2346 nature
997 2286 1128 2367 paravit,

504 2379 709 2460 Expenditque
720 2380 772 2441 tibi
785 2380 970 2462 philosophia
983 2381 1075 2443 sinus.

462 2477 523 2534 Nec
538 2473 592 2533 tibi
604 2493 751 2534 successus
767 2474 848 2534 iaetos
860 2476 976 2534 fortuna
989 2473 1123 2553 negavit3

501 2573 570 2628 Fatu
586 2570 694 2631 dedere
708 2570 776 2630 boni
788 2570 926 2650 quicquid
938 2570 1046 2630 habere
1059 2571 1165 2630 solent.
