3742 5667
497 868 556 925 ere
715 865 878 925 mutnus
897 847 1108 923 corrueras
1127 866 1178 922 na
1198 864 1333 925 socan.

498 997 599 1095 piens
623 996 829 1095 asportavit.
858 999 930 1067 Nec
951 994 1020 1067 hac
1038 996 1237 1068 temeritate
1254 1008 1459 1083 contentus,
1476 994 1555 1066 sine

498 1138 599 1187 mora
613 1116 743 1187 iterum
757 1138 840 1186 cum
857 1112 928 1185 suis
948 1112 1182 1210 complicibus
1204 1136 1380 1204 reversus,
1395 1110 1558 1183 ecclesiae

493 1229 620 1327 januas
629 1255 735 1329 super
746 1254 783 1301 se
792 1227 931 1319 clausit,
949 1242 985 1299 et
993 1227 1225 1300 reverendam
1235 1226 1425 1301 Salvatoris
1437 1225 1558 1299 nostri

497 1375 666 1423 coronam
682 1376 763 1424 cum
774 1350 928 1449 pretiosa
938 1362 975 1420 et
990 1348 1125 1420 famosa
1137 1348 1297 1446 ejusdem
1313 1348 1458 1420 Domini
1469 1372 1557 1419 nos-

498 1468 544 1539 tri
563 1464 712 1537 sindone
729 1489 852 1563 rapere
871 1461 1080 1536 conabatur.
1102 1462 1172 1534 Sed
1192 1461 1398 1558 burgenses,
1424 1461 1555 1534 audito

500 1590 598 1653 tanto
624 1580 774 1672 scelere,
806 1595 876 1651 tam
902 1603 969 1677 pro
994 1577 1208 1649 venerandis
1235 1577 1392 1674 reliquiis
1418 1575 1556 1675 quibus

499 1696 601 1769 locus
616 1697 675 1770 ille
701 1712 777 1770 toto
803 1713 977 1768 terrarum
996 1694 1086 1767 orbe
1106 1695 1263 1767 famosus
1286 1696 1414 1786 existit,
1443 1720 1557 1792 quam

499 1812 609 1883 etiam
625 1835 694 1909 pro
708 1810 876 1884 fidelitate
889 1834 998 1909 quam
1014 1809 1135 1882 abbati
1146 1824 1183 1882 et
1196 1809 1365 1882 fratribus
1378 1809 1560 1907 jamsece-

499 1941 593 2018 rant,
603 1928 803 1999 cumarmis
819 1926 968 1999 viriliter
979 1926 1229 2017 accelerantes,
1248 1941 1434 2024 comperto
1446 1926 1560 1997 etiam

500 2041 601 2138 quod
625 2041 783 2137 sacrilegi
806 2041 871 2132 illi,
893 2066 939 2114 ne
962 2041 1089 2113 fratres
1111 2063 1302 2137 campanas
1316 2038 1455 2137 pulsare
1469 2064 1560 2138 pos-

497 2171 588 2245 sent,
607 2156 709 2229 funes
724 2157 979 2256 praecidissent,
996 2172 1032 2229 et
1043 2157 1094 2228 eis
1103 2172 1184 2255 post
1194 2154 1310 2229 illatas
1318 2156 1558 2227 contumelias

499 2288 652 2345 mortem
673 2273 911 2361 minarentur,
939 2274 1110 2370 quoniam
1131 2287 1251 2369 portas
1272 2270 1428 2343 ecclcsiae
1454 2270 1564 2343 obse-

498 2370 601 2458 ratas
628 2386 842 2459 intrinsecus
873 2387 1111 2475 invenerunt,
1143 2384 1328 2483 quomodo
1356 2400 1560 2485 potuerunt

497 2501 682 2573 ecclesiam
700 2502 847 2597 ingressi
868 2515 967 2591 sunt;
993 2515 1029 2572 et
1049 2500 1116 2571 nisi
1134 2500 1236 2597 regiae
1253 2500 1429 2597 majestati
1446 2525 1562 2599 super

499 2617 606 2689 fratre
628 2642 693 2689 suo
719 2615 956 2689 deserendum
970 2615 1206 2713 judicassent,
1231 2619 1375 2713 eosqui
1403 2640 1486 2686 cum
1509 2639 1562 2685 eo

497 2732 632 2804 inventi
644 2748 739 2825 sunt,
755 2733 829 2804 zelo
842 2734 995 2824 accensi,
1012 2733 1164 2830 turpiter
1180 2732 1378 2832 punissent.
1396 2730 1561 2805 Retentis

498 2850 617 2947 itaque
642 2850 800 2947 reliquiis
822 2866 856 2923 et
882 2851 1099 2923 conservatis
1126 2847 1293 2921 fratribus
1322 2848 1472 2936 nostris,
1497 2871 1560 2918 re-

497 2966 601 3065 pulso
617 2966 746 3039 eodem
766 2966 944 3066 Philippo,
963 2991 1046 3038 suos
1065 2990 1210 3063 quoque
1226 2965 1284 3038 vix
1301 2990 1339 3037 se
1359 2989 1379 3035 a
1398 2962 1560 3035 vindicta

498 3081 705 3155 cohibentes
721 3084 945 3178 fugaverunt.
969 3081 1060 3169 Quia
1079 3081 1185 3177 igitur
1206 3104 1334 3152 eorum
1353 3078 1501 3151 audacia
1518 3092 1562 3150 et

497 3196 709 3270 clericorum
732 3213 924 3271 contumax
941 3196 1184 3269 inobedientia
1200 3195 1247 3268 ad
1261 3195 1436 3292 justitiam
1456 3218 1563 3266 exer-

497 3312 649 3385 cendam
664 3338 730 3385 nos
744 3328 931 3413 provocat,
950 3313 1222 3384 unanimitatem
1236 3326 1403 3400 vestram,
1425 3309 1470 3382 de
1482 3334 1561 3407 qua

497 3426 653 3500 multum
669 3426 897 3520 confidimus,
913 3428 1108 3526 apostolica
1123 3428 1333 3500 auctoritate
1346 3426 1557 3513 invitamus,

498 3553 533 3610 et
547 3538 634 3610 sicut
649 3537 893 3611 fidelissimum
910 3540 1067 3613 amicum
1076 3539 1223 3638 (quippe
1235 3538 1318 3635 quia
1332 3534 1451 3609 vohis·
1464 3536 1561 3607 invi-

499 3678 578 3726 cem
593 3654 629 3725 in
647 3655 975 3754 opportunitatibus
990 3678 1178 3753 nunquam
1188 3652 1381 3751 defuimus)
1401 3677 1443 3724 ex
1455 3664 1560 3750 parte

500 3769 607 3841 etiam
618 3768 858 3869 dominiregis
868 3795 1035 3875 rogamus
1051 3784 1088 3842 et
1100 3769 1369 3859 denunciamus,
1386 3766 1561 3866 quatinus

500 3885 621 3955 omnia
637 3885 798 3982 quaesub
816 3886 967 3958 tuitione
984 3901 1099 3959 vestra
1115 3885 1272 3957 scelerati
1290 3883 1411 3957 clerici
1423 3880 1561 3954 habere

500 3998 735 4091 videbantur,
758 4014 876 4073 vestro
899 4016 1076 4100 praecepto
1100 4015 1327 4072 reserventur
1348 4026 1357 4071 t
1379 3998 1561 4096 siquidem

500 4113 579 4210 ipsi,
616 4114 730 4215 culpis
766 4117 838 4189 suis
869 4116 1102 4214 exigentibus,
1136 4117 1270 4215 seipsos
1297 4130 1334 4188 et
1369 4114 1490 4187 officio
1521 4126 1562 4184 et

501 4228 654 4301 ecclesiae
686 4228 860 4303 beneficio
883 4234 1124 4331 privaverunt.
1157 4236 1306 4304 Certum
1333 4231 1453 4327 itaque
1481 4253 1565 4301 mu·

499 4344 553 4417 tui
582 4346 714 4419 amoris
740 4348 855 4420 nostri
886 4363 1136 4445 argumentum
1163 4348 1242 4439 erit,
1273 4347 1303 4419 si
1331 4344 1563 4446 inpraesenti

478 4574 480 4581 Ι
543 4600 571 4657 l.
587 4594 675 4656 Nota
688 4596 769 4675 edd„
783 4596 834 4657 sed
847 4597 997 4672 mendose,
1009 4609 1042 4657 ut
1055 4608 1145 4677 patet.
