<?xml version="1.0" encoding="UTF-8"?>
<!DOCTYPE html PUBLIC "-//W3C//DTD XHTML 1.0 Transitional//EN"
    "http://www.w3.org/TR/xhtml1/DTD/xhtml1-transitional.dtd">
<html xmlns="http://www.w3.org/1999/xhtml" xml:lang="en" lang="en">
 <head>
  <title>
</title>
<meta http-equiv="Content-Type" content="text/html;charset=utf-8" />
  <meta name='ocr-system' content='tesseract 3.04.00' />
  <meta name='ocr-capabilities' content='ocr_page ocr_carea ocr_par ocr_line ocrx_word'/>
</head>
<body>
  <div class='ocr_page' id='page_1' title='image "./oeuvrescompltes00sugegoog_0442.png"; bbox 0 0 3742 5667; ppageno 0'>
   <div class='ocr_carea' id='block_1_1' title="bbox 484 747 1322 859">
    <p class='ocr_par' dir='ltr' id='par_1_1' title="bbox 484 747 1322 859">
     <span class='ocr_line' id='line_1_1' title="bbox 484 747 1322 859; baseline -0.004 0"><span class='ocrx_word' id='word_1_1' title='bbox 484 803 542 859; x_wconf 75' lang='lat' dir='ltr'><strong>tto</strong></span> <span class='ocrx_word' id='word_1_2' title='bbox 652 747 659 759; x_wconf 43' lang='lat'>⁸</span> <span class='ocrx_word' id='word_1_3' title='bbox 697 799 858 858; x_wconf 77' lang='lat' dir='ltr'><strong>OEuvaas</strong></span> <span class='ocrx_word' id='word_1_4' title='bbox 878 786 1093 856; x_wconf 74' lang='lat' dir='ltr'><strong>commas</strong></span> <span class='ocrx_word' id='word_1_5' title='bbox 1113 800 1165 855; x_wconf 77' lang='lat' dir='ltr'><strong>nn</strong></span> <span class='ocrx_word' id='word_1_6' title='bbox 1185 798 1322 856; x_wconf 78' lang='lat' dir='ltr'><strong>suone.</strong></span> 
     </span>
    </p>
   </div>
   <div class='ocr_carea' id='block_1_2' title="bbox 482 927 1546 1375">
    <p class='ocr_par' dir='ltr' id='par_1_2' title="bbox 482 927 1546 1375">
     <span class='ocr_line' id='line_1_2' title="bbox 483 927 1546 1030; baseline 0 -26"><span class='ocrx_word' id='word_1_7' title='bbox 483 931 648 1030; x_wconf 85' lang='lat' dir='ltr'><strong>quamvis</strong></span> <span class='ocrx_word' id='word_1_8' title='bbox 673 931 919 1004; x_wconf 86' lang='lat' dir='ltr'><strong>universorum</strong></span> <span class='ocrx_word' id='word_1_9' title='bbox 945 927 1081 1027; x_wconf 87' lang='lat' dir='ltr'><strong>gaudiis</strong></span> <span class='ocrx_word' id='word_1_10' title='bbox 1108 929 1379 1029; x_wconf 88' lang='lat' dir='ltr'><strong>prosequendus</strong></span> <span class='ocrx_word' id='word_1_11' title='bbox 1400 933 1461 1022; x_wconf 90' lang='lat' dir='ltr'><strong>sit,</strong></span> <span class='ocrx_word' id='word_1_12' title='bbox 1482 933 1546 1029; x_wconf 90' lang='lat' dir='ltr'><strong>qui</strong></span> 
     </span>
     <span class='ocr_line' id='line_1_3' title="bbox 483 1045 1544 1145; baseline 0 -25"><span class='ocrx_word' id='word_1_13' title='bbox 483 1047 616 1120; x_wconf 86' lang='lat' dir='ltr'><strong>calcata</strong></span> <span class='ocrx_word' id='word_1_14' title='bbox 631 1062 749 1120; x_wconf 86' lang='lat' dir='ltr'><strong>morte</strong></span> <span class='ocrx_word' id='word_1_15' title='bbox 765 1071 941 1120; x_wconf 87' lang='lat' dir='ltr'><strong>coronam</strong></span> <span class='ocrx_word' id='word_1_16' title='bbox 950 1046 1027 1142; x_wconf 91' lang='lat' dir='ltr'><strong>jam</strong></span> <span class='ocrx_word' id='word_1_17' title='bbox 1043 1045 1242 1118; x_wconf 83' lang='lat' dir='ltr'><strong>securitatis</strong></span> <span class='ocrx_word' id='word_1_18' title='bbox 1262 1046 1424 1145; x_wconf 81' lang='lat' dir='ltr'><strong>accepit?</strong></span> <span class='ocrx_word' id='word_1_19' title='bbox 1439 1052 1544 1120; x_wconf 87' lang='lat' dir='ltr'><strong>Pote-</strong></span> 
     </span>
     <span class='ocr_line' id='line_1_4' title="bbox 482 1161 1545 1260; baseline 0 -24"><span class='ocrx_word' id='word_1_20' title='bbox 482 1166 595 1236; x_wconf 84' lang='lat' dir='ltr'>rimus</span> <span class='ocrx_word' id='word_1_21' title='bbox 617 1188 777 1260; x_wconf 87' lang='lat' dir='ltr'><strong>unquam</strong></span> <span class='ocrx_word' id='word_1_22' title='bbox 805 1177 868 1234; x_wconf 90' lang='lat' dir='ltr'><strong>aut</strong></span> <span class='ocrx_word' id='word_1_23' title='bbox 898 1161 988 1233; x_wconf 89' lang='lat' dir='ltr'><strong>tanti</strong></span> <span class='ocrx_word' id='word_1_24' title='bbox 1014 1186 1087 1234; x_wconf 92' lang='lat' dir='ltr'><strong>non</strong></span> <span class='ocrx_word' id='word_1_25' title='bbox 1104 1162 1310 1232; x_wconf 80' lang='lat' dir='ltr'>meminisse</span> <span class='ocrx_word' id='word_1_26' title='bbox 1326 1164 1451 1258; x_wconf 87' lang='lat' dir='ltr'><strong>patris,</strong></span> <span class='ocrx_word' id='word_1_27' title='bbox 1482 1180 1545 1236; x_wconf 91' lang='lat' dir='ltr'><strong>aut</strong></span> 
     </span>
     <span class='ocr_line' id='line_1_5' title="bbox 482 1273 1545 1375; baseline -0.001 -24"><span class='ocrx_word' id='word_1_28' title='bbox 482 1281 557 1351; x_wconf 88' lang='lat' dir='ltr'><strong>sine</strong></span> <span class='ocrx_word' id='word_1_29' title='bbox 583 1275 805 1375; x_wconf 84' lang='lat' dir='ltr'><strong>lacrymabili</strong></span> <span class='ocrx_word' id='word_1_30' title='bbox 823 1273 981 1372; x_wconf 89' lang='lat' dir='ltr'><strong>quadam</strong></span> <span class='ocrx_word' id='word_1_31' title='bbox 996 1275 1204 1347; x_wconf 85' lang='lat' dir='ltr'><strong>meminisse</strong></span> <span class='ocrx_word' id='word_1_32' title='bbox 1227 1276 1366 1369; x_wconf 84' lang='lat' dir='ltr'><strong>gratia?</strong></span> <span class='ocrx_word' id='word_1_33' title='bbox 1388 1277 1460 1350; x_wconf 89' lang='lat' dir='ltr'><strong>Sed</strong></span> <span class='ocrx_word' id='word_1_34' title='bbox 1490 1278 1545 1350; x_wconf 69' lang='lat' dir='ltr'><strong>hae</strong></span> 
     </span>
    </p>
   </div>
   <div class='ocr_carea' id='block_1_3' title="bbox 476 1389 1544 3107">
    <p class='ocr_par' dir='ltr' id='par_1_3' title="bbox 476 1389 1544 3107">
     <span class='ocr_line' id='line_1_6' title="bbox 482 1389 1544 1491; baseline 0 -27"><span class='ocrx_word' id='word_1_35' title='bbox 482 1394 587 1465; x_wconf 89' lang='lat' dir='ltr'><strong>nobis</strong></span> <span class='ocrx_word' id='word_1_36' title='bbox 595 1392 874 1480; x_wconf 89' lang='lat' dir='ltr'><strong>recordationes,</strong></span> <span class='ocrx_word' id='word_1_37' title='bbox 891 1392 957 1462; x_wconf 89' lang='lat' dir='ltr'><strong>etsi</strong></span> <span class='ocrx_word' id='word_1_38' title='bbox 965 1389 1309 1479; x_wconf 85' lang='lat' dir='ltr'><strong>doloresinuovaut,</strong></span> <span class='ocrx_word' id='word_1_39' title='bbox 1321 1391 1544 1491; x_wconf 85' lang='lat' dir='ltr'><strong>voluptatem</strong></span> 
     </span>
     <span class='ocr_line' id='line_1_7' title="bbox 482 1506 1543 1603; baseline -0.001 -22"><span class='ocrx_word' id='word_1_40' title='bbox 482 1526 602 1582; x_wconf 90' lang='lat' dir='ltr'><strong>tamen</strong></span> <span class='ocrx_word' id='word_1_41' title='bbox 621 1508 789 1580; x_wconf 79' lang='lat' dir='ltr'><strong>afferunt.</strong></span> <span class='ocrx_word' id='word_1_42' title='bbox 809 1509 927 1593; x_wconf 84' lang='lat' dir='ltr'><strong>Quem</strong></span> <span class='ocrx_word' id='word_1_43' title='bbox 945 1506 976 1577; x_wconf 84' lang='lat' dir='ltr'><strong>si</strong></span> <span class='ocrx_word' id='word_1_44' title='bbox 994 1506 1115 1600; x_wconf 84' lang='lat' dir='ltr'><strong>lugere</strong></span> <span class='ocrx_word' id='word_1_45' title='bbox 1131 1506 1347 1603; x_wconf 83' lang='lat' dir='ltr'><strong>ceperimus,</strong></span> <span class='ocrx_word' id='word_1_46' title='bbox 1367 1507 1413 1579; x_wconf 89' lang='lat' dir='ltr'><strong>de</strong></span> <span class='ocrx_word' id='word_1_47' title='bbox 1431 1508 1543 1581; x_wconf 87' lang='lat' dir='ltr'><strong>salute</strong></span> 
     </span>
     <span class='ocr_line' id='line_1_8' title="bbox 481 1620 1542 1722; baseline -0.002 -23"><span class='ocrx_word' id='word_1_48' title='bbox 481 1626 638 1699; x_wconf 79' lang='lat' dir='ltr'><strong>fortassis</strong></span> <span class='ocrx_word' id='word_1_49' title='bbox 656 1624 776 1695; x_wconf 90' lang='lat' dir='ltr'><strong>minus</strong></span> <span class='ocrx_word' id='word_1_50' title='bbox 791 1647 932 1722; x_wconf 88' lang='lat' dir='ltr'><strong>sperare</strong></span> <span class='ocrx_word' id='word_1_51' title='bbox 947 1621 1159 1695; x_wconf 87' lang='lat' dir='ltr'><strong>videbimur.</strong></span> <span class='ocrx_word' id='word_1_52' title='bbox 1183 1621 1220 1693; x_wconf 89' lang='lat' dir='ltr'><strong>si</strong></span> <span class='ocrx_word' id='word_1_53' title='bbox 1235 1620 1410 1722; x_wconf 84' lang='lat' dir='ltr'><strong>lacrymas</strong></span> <span class='ocrx_word' id='word_1_54' title='bbox 1421 1649 1486 1697; x_wconf 91' lang='lat' dir='ltr'><strong>om</strong></span> <span class='ocrx_word' id='word_1_55' title='bbox 1512 1627 1542 1696; x_wconf 92' lang='lat' dir='ltr'><strong>i-</strong></span> 
     </span>
     <span class='ocr_line' id='line_1_9' title="bbox 481 1738 1543 1838; baseline -0.004 -22"><span class='ocrx_word' id='word_1_56' title='bbox 481 1767 530 1816; x_wconf 92' lang='lat' dir='ltr'><strong>no</strong></span> <span class='ocrx_word' id='word_1_57' title='bbox 557 1739 854 1831; x_wconf 86' lang='lat' dir='ltr'><strong>continuerimus,</strong></span> <span class='ocrx_word' id='word_1_58' title='bbox 882 1739 1075 1838; x_wconf 89' lang='lat' dir='ltr'><strong>impietatis</strong></span> <span class='ocrx_word' id='word_1_59' title='bbox 1105 1755 1141 1811; x_wconf 89' lang='lat' dir='ltr'><strong>et</strong></span> <span class='ocrx_word' id='word_1_60' title='bbox 1167 1738 1433 1834; x_wconf 71' lang='lat' dir='ltr'><strong>ingratitudinis</strong></span> <span class='ocrx_word' id='word_1_61' title='bbox 1468 1767 1543 1814; x_wconf 91' lang='lat' dir='ltr'><strong>uon</strong></span> 
     </span>
     <span class='ocr_line' id='line_1_10' title="bbox 480 1855 1543 1952; baseline 0 -22"><span class='ocrx_word' id='word_1_62' title='bbox 480 1859 662 1930; x_wconf 89' lang='lat' dir='ltr'><strong>immerito</strong></span> <span class='ocrx_word' id='word_1_63' title='bbox 675 1878 879 1950; x_wconf 85' lang='lat' dir='ltr'><strong>arguemur.</strong></span> <span class='ocrx_word' id='word_1_64' title='bbox 894 1855 1005 1951; x_wconf 86' lang='lat' dir='ltr'><strong>Cujus</strong></span> <span class='ocrx_word' id='word_1_65' title='bbox 1015 1879 1150 1946; x_wconf 88' lang='lat' dir='ltr'><strong>casum,</strong></span> <span class='ocrx_word' id='word_1_66' title='bbox 1165 1880 1240 1952; x_wconf 90' lang='lat' dir='ltr'><strong>quo</strong></span> <span class='ocrx_word' id='word_1_67' title='bbox 1256 1856 1364 1929; x_wconf 92' lang='lat' dir='ltr'><strong>nobis</strong></span> <span class='ocrx_word' id='word_1_68' title='bbox 1379 1872 1472 1929; x_wconf 83' lang='lat' dir='ltr'><strong>esset</strong></span> <span class='ocrx_word' id='word_1_69' title='bbox 1487 1873 1543 1930; x_wconf 86' lang='lat' dir='ltr'><strong>to-</strong></span> 
     </span>
     <span class='ocr_line' id='line_1_11' title="bbox 481 1969 1542 2071; baseline 0.001 -27"><span class='ocrx_word' id='word_1_70' title='bbox 481 1972 677 2063; x_wconf 89' lang='lat' dir='ltr'><strong>lerabilior,</strong></span> <span class='ocrx_word' id='word_1_71' title='bbox 716 1995 783 2043; x_wconf 89' lang='lat' dir='ltr'><strong>nec</strong></span> <span class='ocrx_word' id='word_1_72' title='bbox 812 1969 1050 2067; x_wconf 80' lang='lat' dir='ltr'><strong>praemeditari</strong></span> <span class='ocrx_word' id='word_1_73' title='bbox 1074 1971 1272 2068; x_wconf 90' lang='lat' dir='ltr'><strong>potuimus.</strong></span> <span class='ocrx_word' id='word_1_74' title='bbox 1309 1976 1361 2044; x_wconf 91' lang='lat' dir='ltr'><strong>lta</strong></span> <span class='ocrx_word' id='word_1_75' title='bbox 1389 1972 1542 2071; x_wconf 84' lang='lat' dir='ltr'><strong>pavebat</strong></span> 
     </span>
     <span class='ocr_line' id='line_1_12' title="bbox 480 2085 1542 2186; baseline 0.001 -26"><span class='ocrx_word' id='word_1_76' title='bbox 480 2091 621 2162; x_wconf 89' lang='lat' dir='ltr'><strong>animus</strong></span> <span class='ocrx_word' id='word_1_77' title='bbox 636 2088 706 2162; x_wconf 90' lang='lat' dir='ltr'><strong>tale</strong></span> <span class='ocrx_word' id='word_1_78' title='bbox 725 2085 860 2184; x_wconf 88' lang='lat' dir='ltr'><strong>aliquid</strong></span> <span class='ocrx_word' id='word_1_79' title='bbox 877 2085 923 2158; x_wconf 93' lang='lat' dir='ltr'><strong>de</strong></span> <span class='ocrx_word' id='word_1_80' title='bbox 943 2085 1004 2158; x_wconf 93' lang='lat' dir='ltr'><strong>illo</strong></span> <span class='ocrx_word' id='word_1_81' title='bbox 1023 2087 1191 2182; x_wconf 88' lang='lat' dir='ltr'><strong>cogitare,</strong></span> <span class='ocrx_word' id='word_1_82' title='bbox 1211 2113 1285 2160; x_wconf 92' lang='lat' dir='ltr'><strong>non</strong></span> <span class='ocrx_word' id='word_1_83' title='bbox 1309 2089 1430 2186; x_wconf 85' lang='lat' dir='ltr'><strong>qund¹</strong></span> <span class='ocrx_word' id='word_1_84' title='bbox 1454 2113 1542 2161; x_wconf 90' lang='lat' dir='ltr'><strong>cou-</strong></span> 
     </span>
     <span class='ocr_line' id='line_1_13' title="bbox 479 2202 1541 2300; baseline -0.002 -22"><span class='ocrx_word' id='word_1_85' title='bbox 479 2204 654 2278; x_wconf 91' lang='lat' dir='ltr'><strong>ditionem</strong></span> <span class='ocrx_word' id='word_1_86' title='bbox 682 2205 941 2300; x_wconf 85' lang='lat' dir='ltr'><strong>ignoraremus,</strong></span> <span class='ocrx_word' id='word_1_87' title='bbox 971 2202 1035 2274; x_wconf 92' lang='lat' dir='ltr'><strong>sed</strong></span> <span class='ocrx_word' id='word_1_88' title='bbox 1050 2204 1134 2300; x_wconf 92' lang='lat' dir='ltr'><strong>quia</strong></span> <span class='ocrx_word' id='word_1_89' title='bbox 1153 2203 1199 2276; x_wconf 92' lang='lat' dir='ltr'><strong>de</strong></span> <span class='ocrx_word' id='word_1_90' title='bbox 1216 2204 1278 2275; x_wconf 95' lang='lat' dir='ltr'><strong>illo</strong></span> <span class='ocrx_word' id='word_1_91' title='bbox 1295 2206 1363 2276; x_wconf 90' lang='lat' dir='ltr'><strong>nisi</strong></span> <span class='ocrx_word' id='word_1_92' title='bbox 1386 2203 1541 2276; x_wconf 88' lang='lat' dir='ltr'><strong>secunda</strong></span> 
     </span>
     <span class='ocr_line' id='line_1_14' title="bbox 479 2318 1540 2418; baseline 0 -25"><span class='ocrx_word' id='word_1_93' title='bbox 479 2322 601 2393; x_wconf 92' lang='lat' dir='ltr'><strong>omnia</strong></span> <span class='ocrx_word' id='word_1_94' title='bbox 617 2321 773 2414; x_wconf 85' lang='lat' dir='ltr'><strong>cogitare</strong></span> <span class='ocrx_word' id='word_1_95' title='bbox 794 2343 869 2390; x_wconf 91' lang='lat' dir='ltr'><strong>non</strong></span> <span class='ocrx_word' id='word_1_96' title='bbox 896 2318 1157 2392; x_wconf 85' lang='lat' dir='ltr'><strong>didicissemus.</strong></span> <span class='ocrx_word' id='word_1_97' title='bbox 1185 2324 1323 2418; x_wconf 86' lang='lat' dir='ltr'><strong>Raptus</strong></span> <span class='ocrx_word' id='word_1_98' title='bbox 1340 2338 1394 2392; x_wconf 90' lang='lat' dir='ltr'><strong>est</strong></span> <span class='ocrx_word' id='word_1_99' title='bbox 1422 2335 1540 2394; x_wconf 87' lang='lat' dir='ltr'><strong>autem</strong></span> 
     </span>
     <span class='ocr_line' id='line_1_15' title="bbox 478 2435 1540 2535; baseline 0.002 -28"><span class='ocrx_word' id='word_1_100' title='bbox 478 2461 525 2508; x_wconf 88' lang='lat' dir='ltr'><strong>ne</strong></span> <span class='ocrx_word' id='word_1_101' title='bbox 540 2435 675 2508; x_wconf 89' lang='lat' dir='ltr'><strong>malitia</strong></span> <span class='ocrx_word' id='word_1_102' title='bbox 698 2438 905 2508; x_wconf 87' lang='lat' dir='ltr'><strong>immutaret</strong></span> <span class='ocrx_word' id='word_1_103' title='bbox 930 2458 994 2505; x_wconf 91' lang='lat' dir='ltr'><strong>cor</strong></span> <span class='ocrx_word' id='word_1_104' title='bbox 1013 2435 1103 2532; x_wconf 86' lang='lat' dir='ltr'><strong>ejus,</strong></span> <span class='ocrx_word' id='word_1_105' title='bbox 1125 2437 1299 2533; x_wconf 88' lang='lat' dir='ltr'><strong>quoniam</strong></span> <span class='ocrx_word' id='word_1_106' title='bbox 1317 2441 1392 2508; x_wconf 90' lang='lat' dir='ltr'><strong>Deo</strong></span> <span class='ocrx_word' id='word_1_107' title='bbox 1412 2436 1540 2535; x_wconf 87' lang='lat' dir='ltr'><strong>placita</strong></span> 
     </span>
     <span class='ocr_line' id='line_1_16' title="bbox 479 2549 1541 2651; baseline 0.003 -28"><span class='ocrx_word' id='word_1_108' title='bbox 479 2567 555 2624; x_wconf 91' lang='lat' dir='ltr'><strong>erat</strong></span> <span class='ocrx_word' id='word_1_109' title='bbox 570 2553 689 2624; x_wconf 90' lang='lat' dir='ltr'><strong>anima</strong></span> <span class='ocrx_word' id='word_1_110' title='bbox 703 2551 810 2623; x_wconf 88' lang='lat' dir='ltr'><strong>illius.</strong></span> <span class='ocrx_word' id='word_1_111' title='bbox 828 2549 1008 2621; x_wconf 88' lang='lat' dir='ltr'><strong>Dormivit</strong></span> <span class='ocrx_word' id='word_1_112' title='bbox 1021 2551 1056 2621; x_wconf 91' lang='lat' dir='ltr'><strong>in</strong></span> <span class='ocrx_word' id='word_1_113' title='bbox 1070 2553 1226 2625; x_wconf 90' lang='lat' dir='ltr'><strong>Domino</strong></span> <span class='ocrx_word' id='word_1_114' title='bbox 1242 2555 1471 2651; x_wconf 83' lang='lat' dir='ltr'><strong>etappositus</strong></span> <span class='ocrx_word' id='word_1_115' title='bbox 1489 2568 1541 2626; x_wconf 88' lang='lat' dir='ltr'><strong>est</strong></span> 
     </span>
     <span class='ocr_line' id='line_1_17' title="bbox 477 2666 1541 2766; baseline 0.001 -27"><span class='ocrx_word' id='word_1_116' title='bbox 477 2667 524 2739; x_wconf 91' lang='lat' dir='ltr'><strong>ad</strong></span> <span class='ocrx_word' id='word_1_117' title='bbox 540 2683 659 2766; x_wconf 87' lang='lat' dir='ltr'><strong>patres</strong></span> <span class='ocrx_word' id='word_1_118' title='bbox 679 2692 775 2756; x_wconf 91' lang='lat' dir='ltr'><strong>suos,</strong></span> <span class='ocrx_word' id='word_1_119' title='bbox 801 2666 979 2737; x_wconf 88' lang='lat' dir='ltr'><strong>enutritus</strong></span> <span class='ocrx_word' id='word_1_120' title='bbox 998 2666 1035 2737; x_wconf 93' lang='lat' dir='ltr'><strong>in</strong></span> <span class='ocrx_word' id='word_1_121' title='bbox 1055 2682 1237 2740; x_wconf 87' lang='lat' dir='ltr'><strong>senectute</strong></span> <span class='ocrx_word' id='word_1_122' title='bbox 1252 2667 1363 2740; x_wconf 93' lang='lat' dir='ltr'><strong>bona.</strong></span> <span class='ocrx_word' id='word_1_123' title='bbox 1392 2671 1541 2740; x_wconf 82' lang='lat' dir='ltr'><strong>Reversa</strong></span> 
     </span>
     <span class='ocr_line' id='line_1_18' title="bbox 477 2781 1538 2882; baseline 0.001 -26"><span class='ocrx_word' id='word_1_124' title='bbox 477 2798 530 2856; x_wconf 88' lang='lat' dir='ltr'><strong>est</strong></span> <span class='ocrx_word' id='word_1_125' title='bbox 552 2799 645 2856; x_wconf 88' lang='lat' dir='ltr'><strong>terra</strong></span> <span class='ocrx_word' id='word_1_126' title='bbox 672 2785 709 2854; x_wconf 93' lang='lat' dir='ltr'><strong>in</strong></span> <span class='ocrx_word' id='word_1_127' title='bbox 736 2795 870 2853; x_wconf 88' lang='lat' dir='ltr'><strong>terram</strong></span> <span class='ocrx_word' id='word_1_128' title='bbox 895 2805 1012 2872; x_wconf 88' lang='lat' dir='ltr'><strong>suam,</strong></span> <span class='ocrx_word' id='word_1_129' title='bbox 1038 2781 1101 2853; x_wconf 90' lang='lat' dir='ltr'><strong>sed</strong></span> <span class='ocrx_word' id='word_1_130' title='bbox 1122 2783 1266 2879; x_wconf 89' lang='lat' dir='ltr'><strong>spiritus</strong></span> <span class='ocrx_word' id='word_1_131' title='bbox 1284 2799 1380 2856; x_wconf 86' lang='lat' dir='ltr'><strong>astra</strong></span> <span class='ocrx_word' id='word_1_132' title='bbox 1398 2785 1538 2882; x_wconf 79' lang='lat' dir='ltr'><strong>petivit,</strong></span> 
     </span>
     <span class='ocr_line' id='line_1_19' title="bbox 476 2896 1538 2990; baseline 0.002 -21"><span class='ocrx_word' id='word_1_133' title='bbox 476 2897 523 2969; x_wconf 91' lang='lat' dir='ltr'><strong>ab</strong></span> <span class='ocrx_word' id='word_1_134' title='bbox 544 2898 606 2971; x_wconf 93' lang='lat' dir='ltr'><strong>illo</strong></span> <span class='ocrx_word' id='word_1_135' title='bbox 622 2896 851 2971; x_wconf 90' lang='lat' dir='ltr'><strong>coronandus</strong></span> <span class='ocrx_word' id='word_1_136' title='bbox 870 2912 907 2968; x_wconf 91' lang='lat' dir='ltr'><strong>et</strong></span> <span class='ocrx_word' id='word_1_137' title='bbox 926 2897 1124 2970; x_wconf 87' lang='lat' dir='ltr'><strong>electorum</strong></span> <span class='ocrx_word' id='word_1_138' title='bbox 1146 2923 1302 2971; x_wconf 90' lang='lat' dir='ltr'><strong>numero</strong></span> <span class='ocrx_word' id='word_1_139' title='bbox 1333 2898 1538 2990; x_wconf 88' lang='lat' dir='ltr'><strong>sociandus,</strong></span> 
     </span>
     <span class='ocr_line' id='line_1_20' title="bbox 476 3013 1540 3107; baseline -0.001 -20"><span class='ocrx_word' id='word_1_140' title='bbox 476 3014 549 3107; x_wconf 92' lang='lat' dir='ltr'><strong>cui,</strong></span> <span class='ocrx_word' id='word_1_141' title='bbox 568 3014 709 3087; x_wconf 84' lang='lat' dir='ltr'><strong>durnin</strong></span> <span class='ocrx_word' id='word_1_142' title='bbox 739 3037 847 3086; x_wconf 88' lang='lat' dir='ltr'><strong>carne</strong></span> <span class='ocrx_word' id='word_1_143' title='bbox 871 3027 978 3104; x_wconf 86' lang='lat' dir='ltr'><strong>esset,</strong></span> <span class='ocrx_word' id='word_1_144' title='bbox 995 3013 1210 3087; x_wconf 87' lang='lat' dir='ltr'><strong>ministravit</strong></span> <span class='ocrx_word' id='word_1_145' title='bbox 1225 3029 1262 3086; x_wconf 89' lang='lat' dir='ltr'><strong>et</strong></span> <span class='ocrx_word' id='word_1_146' title='bbox 1280 3015 1352 3087; x_wconf 85' lang='lat' dir='ltr'><strong>fide</strong></span> <span class='ocrx_word' id='word_1_147' title='bbox 1373 3015 1540 3088; x_wconf 82' lang='lat' dir='ltr'><strong>militarit</strong></span> 
     </span>
    </p>
   </div>
   <div class='ocr_carea' id='block_1_4' title="bbox 477 3132 626 3226">
    <p class='ocr_par' dir='ltr' id='par_1_4' title="bbox 477 3132 626 3226">
     <span class='ocr_line' id='line_1_21' title="bbox 477 3132 626 3226; baseline 0.013 -26"><span class='ocrx_word' id='word_1_148' title='bbox 477 3132 626 3226; x_wconf 86' lang='lat' dir='ltr'><strong>integra.</strong></span> 
     </span>
    </p>
   </div>
   <div class='ocr_carea' id='block_1_5' title="bbox 593 3329 1358 4250">
    <p class='ocr_par' dir='ltr' id='par_1_5' title="bbox 594 3329 1346 3504">
     <span class='ocr_line' id='line_1_22' title="bbox 594 3329 1346 3410; baseline 0.001 -21"><span class='ocrx_word' id='word_1_149' title='bbox 594 3335 670 3389; x_wconf 86' lang='lat' dir='ltr'><strong>Dum</strong></span> <span class='ocrx_word' id='word_1_150' title='bbox 683 3330 961 3410; x_wconf 78' lang='lat' dir='ltr'><strong>maritimarumque</strong></span> <span class='ocrx_word' id='word_1_151' title='bbox 974 3329 1031 3389; x_wconf 85' lang='lat' dir='ltr'><strong>riri</strong></span> <span class='ocrx_word' id='word_1_152' title='bbox 1051 3329 1175 3409; x_wconf 76' lang='lat' dir='ltr'><strong>vitaque</strong></span> <span class='ocrx_word' id='word_1_153' title='bbox 1196 3333 1346 3405; x_wconf 85' lang='lat' dir='ltr'><strong>recordor,</strong></span> 
     </span>
     <span class='ocr_line' id='line_1_23' title="bbox 633 3423 1272 3504; baseline 0.003 -23"><span class='ocrx_word' id='word_1_154' title='bbox 633 3425 742 3504; x_wconf 89' lang='lat' dir='ltr'><strong>Utpote</strong></span> <span class='ocrx_word' id='word_1_155' title='bbox 753 3423 891 3482; x_wconf 87' lang='lat' dir='ltr'><strong>virtutum</strong></span> <span class='ocrx_word' id='word_1_156' title='bbox 903 3423 1035 3483; x_wconf 86' lang='lat' dir='ltr'><strong>conscius</strong></span> <span class='ocrx_word' id='word_1_157' title='bbox 1049 3436 1135 3503; x_wconf 84' lang='lat' dir='ltr'><strong>atque</strong></span> <span class='ocrx_word' id='word_1_158' title='bbox 1149 3443 1272 3500; x_wconf 85' lang='lat' dir='ltr'><strong>memor,</strong></span> 
     </span>
    </p>

    <p class='ocr_par' dir='ltr' id='par_1_6' title="bbox 594 3514 1358 3672">
     <span class='ocr_line' id='line_1_24' title="bbox 594 3514 1358 3595; baseline 0.007 -23"><span class='ocrx_word' id='word_1_159' title='bbox 594 3517 659 3595; x_wconf 86' lang='lat' dir='ltr'><strong>lpse</strong></span> <span class='ocrx_word' id='word_1_160' title='bbox 672 3514 739 3576; x_wconf 87' lang='lat' dir='ltr'><strong>licet</strong></span> <span class='ocrx_word' id='word_1_161' title='bbox 751 3516 862 3594; x_wconf 87' lang='lat' dir='ltr'><strong>sileam,</strong></span> <span class='ocrx_word' id='word_1_162' title='bbox 877 3515 1009 3595; x_wconf 76' lang='lat' dir='ltr'><strong>quamvis</strong></span> <span class='ocrx_word' id='word_1_163' title='bbox 1020 3516 1093 3575; x_wconf 87' lang='lat' dir='ltr'><strong>mihi</strong></span> <span class='ocrx_word' id='word_1_164' title='bbox 1106 3530 1176 3576; x_wconf 85' lang='lat' dir='ltr'><strong>nota</strong></span> <span class='ocrx_word' id='word_1_165' title='bbox 1189 3519 1358 3591; x_wconf 84' lang='lat' dir='ltr'><strong>recondam,</strong></span> 
     </span>
     <span class='ocr_line' id='line_1_25' title="bbox 633 3608 1221 3672; baseline 0.01 -6"><span class='ocrx_word' id='word_1_166' title='bbox 633 3611 666 3668; x_wconf 90' lang='lat' dir='ltr'><strong>ln</strong></span> <span class='ocrx_word' id='word_1_167' title='bbox 678 3609 772 3670; x_wconf 88' lang='lat' dir='ltr'><strong>lucem</strong></span> <span class='ocrx_word' id='word_1_168' title='bbox 781 3622 877 3670; x_wconf 86' lang='lat' dir='ltr'><strong>tamen</strong></span> <span class='ocrx_word' id='word_1_169' title='bbox 887 3609 947 3668; x_wconf 74' lang='lat' dir='ltr'><strong>hoc</strong></span> <span class='ocrx_word' id='word_1_170' title='bbox 963 3608 1065 3669; x_wconf 82' lang='lat' dir='ltr'><strong>efferet</strong></span> <span class='ocrx_word' id='word_1_171' title='bbox 1075 3628 1134 3669; x_wconf 86' lang='lat' dir='ltr'><strong>una</strong></span> <span class='ocrx_word' id='word_1_172' title='bbox 1147 3610 1221 3672; x_wconf 86' lang='lat' dir='ltr'><strong>dies.</strong></span> 
     </span>
    </p>

    <p class='ocr_par' dir='ltr' id='par_1_7' title="bbox 594 3703 1296 3875">
     <span class='ocr_line' id='line_1_26' title="bbox 594 3703 1296 3784; baseline 0.01 -24"><span class='ocrx_word' id='word_1_173' title='bbox 594 3705 661 3761; x_wconf 76' lang='lat' dir='ltr'><strong>llaee</strong></span> <span class='ocrx_word' id='word_1_174' title='bbox 674 3714 778 3762; x_wconf 86' lang='lat' dir='ltr'><strong>natura</strong></span> <span class='ocrx_word' id='word_1_175' title='bbox 790 3703 871 3778; x_wconf 90' lang='lat' dir='ltr'><strong>boni,</strong></span> <span class='ocrx_word' id='word_1_176' title='bbox 886 3703 931 3764; x_wconf 83' lang='lat' dir='ltr'><strong>ris</strong></span> <span class='ocrx_word' id='word_1_177' title='bbox 944 3703 1007 3762; x_wconf 85' lang='lat' dir='ltr'><strong>haec</strong></span> <span class='ocrx_word' id='word_1_178' title='bbox 1019 3722 1078 3763; x_wconf 90' lang='lat' dir='ltr'><strong>non</strong></span> <span class='ocrx_word' id='word_1_179' title='bbox 1092 3723 1178 3782; x_wconf 84' lang='lat' dir='ltr'><strong>posse</strong></span> <span class='ocrx_word' id='word_1_180' title='bbox 1190 3704 1296 3784; x_wconf 82' lang='lat' dir='ltr'><strong>latere;</strong></span> 
     </span>
     <span class='ocr_line' id='line_1_27' title="bbox 634 3796 1216 3875; baseline 0.007 -20"><span class='ocrx_word' id='word_1_181' title='bbox 634 3800 668 3855; x_wconf 89' lang='lat' dir='ltr'><strong>ln</strong></span> <span class='ocrx_word' id='word_1_182' title='bbox 682 3797 809 3858; x_wconf 86' lang='lat' dir='ltr'><strong>medium</strong></span> <span class='ocrx_word' id='word_1_183' title='bbox 823 3798 941 3858; x_wconf 81' lang='lat' dir='ltr'><strong>venient</strong></span> <span class='ocrx_word' id='word_1_184' title='bbox 954 3817 1018 3875; x_wconf 81' lang='lat' dir='ltr'><strong>quae</strong></span> <span class='ocrx_word' id='word_1_185' title='bbox 1032 3796 1142 3858; x_wconf 85' lang='lat' dir='ltr'><strong>latuere</strong></span> <span class='ocrx_word' id='word_1_186' title='bbox 1155 3800 1216 3860; x_wconf 89' lang='lat' dir='ltr'><strong>diu.</strong></span> 
     </span>
    </p>

    <p class='ocr_par' dir='ltr' id='par_1_8' title="bbox 593 3890 1257 4066">
     <span class='ocr_line' id='line_1_28' title="bbox 593 3890 1240 3954; baseline 0.005 -3"><span class='ocrx_word' id='word_1_187' title='bbox 593 3891 715 3952; x_wconf 83' lang='lat' dir='ltr'><strong>Virendi</strong></span> <span class='ocrx_word' id='word_1_188' title='bbox 728 3893 849 3950; x_wconf 80' lang='lat' dir='ltr'><strong>formam</strong></span> <span class='ocrx_word' id='word_1_189' title='bbox 863 3891 966 3951; x_wconf 87' lang='lat' dir='ltr'><strong>merito</strong></span> <span class='ocrx_word' id='word_1_190' title='bbox 979 3890 1149 3951; x_wconf 86' lang='lat' dir='ltr'><strong>mortalibus</strong></span> <span class='ocrx_word' id='word_1_191' title='bbox 1157 3893 1240 3954; x_wconf 90' lang='lat' dir='ltr'><strong>illum</strong></span> 
     </span>
     <span class='ocr_line' id='line_1_29' title="bbox 633 3985 1257 4066; baseline 0.008 -23"><span class='ocrx_word' id='word_1_192' title='bbox 633 3985 750 4044; x_wconf 81' lang='lat' dir='ltr'><strong>AEstimo</strong></span> <span class='ocrx_word' id='word_1_193' title='bbox 763 3985 905 4045; x_wconf 86' lang='lat' dir='ltr'><strong>directum</strong></span> <span class='ocrx_word' id='word_1_194' title='bbox 915 3986 1030 4046; x_wconf 70' lang='lat' dir='ltr'><strong>coelitus</strong></span> <span class='ocrx_word' id='word_1_195' title='bbox 1042 3999 1130 4066; x_wconf 86' lang='lat' dir='ltr'><strong>atque</strong></span> <span class='ocrx_word' id='word_1_196' title='bbox 1146 3988 1257 4048; x_wconf 79' lang='lat' dir='ltr'><strong>danim.</strong></span> 
     </span>
    </p>

    <p class='ocr_par' dir='ltr' id='par_1_9' title="bbox 593 4077 1257 4250">
     <span class='ocr_line' id='line_1_30' title="bbox 593 4077 1210 4159; baseline 0.006 -25"><span class='ocrx_word' id='word_1_197' title='bbox 593 4078 726 4158; x_wconf 83' lang='lat' dir='ltr'><strong>lugentes</strong></span> <span class='ocrx_word' id='word_1_198' title='bbox 741 4077 853 4138; x_wconf 87' lang='lat' dir='ltr'><strong>animos</strong></span> <span class='ocrx_word' id='word_1_199' title='bbox 866 4079 897 4139; x_wconf 89' lang='lat' dir='ltr'><strong>in</strong></span> <span class='ocrx_word' id='word_1_200' title='bbox 907 4080 959 4140; x_wconf 89' lang='lat' dir='ltr'><strong>tali</strong></span> <span class='ocrx_word' id='word_1_201' title='bbox 973 4099 1097 4159; x_wconf 85' lang='lat' dir='ltr'><strong>corpore</strong></span> <span class='ocrx_word' id='word_1_202' title='bbox 1107 4078 1210 4150; x_wconf 88' lang='lat' dir='ltr'><strong>miror,</strong></span> 
     </span>
     <span class='ocr_line' id='line_1_31' title="bbox 634 4169 1257 4250; baseline 0.006 -20"><span class='ocrx_word' id='word_1_203' title='bbox 634 4172 668 4230; x_wconf 80' lang='lat' dir='ltr'><strong>Et</strong></span> <span class='ocrx_word' id='word_1_204' title='bbox 680 4169 758 4230; x_wconf 90' lang='lat' dir='ltr'><strong>bona</strong></span> <span class='ocrx_word' id='word_1_205' title='bbox 771 4185 813 4232; x_wconf 88' lang='lat' dir='ltr'><strong>tot</strong></span> <span class='ocrx_word' id='word_1_206' title='bbox 826 4174 919 4232; x_wconf 83' lang='lat' dir='ltr'><strong>claudi</strong></span> <span class='ocrx_word' id='word_1_207' title='bbox 935 4185 1073 4250; x_wconf 88' lang='lat' dir='ltr'><strong>tantaque</strong></span> <span class='ocrx_word' id='word_1_208' title='bbox 1083 4191 1151 4232; x_wconf 85' lang='lat' dir='ltr'><strong>vase</strong></span> <span class='ocrx_word' id='word_1_209' title='bbox 1163 4172 1257 4234; x_wconf 74' lang='lat' dir='ltr'><strong>brevi.</strong></span> 
     </span>
    </p>
   </div>
   <div class='ocr_carea' id='block_1_6' title="bbox 474 4423 1537 4575">
    <p class='ocr_par' dir='ltr' id='par_1_10' title="bbox 474 4423 1537 4575">
     <span class='ocr_line' id='line_1_32' title="bbox 474 4423 1537 4570; baseline 0.009 -93"><span class='ocrx_word' id='word_1_210' title='bbox 474 4513 492 4570; x_wconf 77' lang='lat' dir='ltr'>d</span> <span class='ocrx_word' id='word_1_211' title='bbox 513 4423 544 4480; x_wconf 83' lang='lat' dir='ltr'><strong>l.</strong></span> <span class='ocrx_word' id='word_1_212' title='bbox 561 4425 645 4496; x_wconf 81' lang='lat' dir='ltr'><strong>Quod</strong></span> <span class='ocrx_word' id='word_1_213' title='bbox 662 4423 733 4484; x_wconf 89' lang='lat' dir='ltr'><strong>edit.</strong></span> <span class='ocrx_word' id='word_1_214' title='bbox 756 4423 866 4484; x_wconf 85' lang='lat' dir='ltr'><strong>Bened.</strong></span> <span class='ocrx_word' id='word_1_215' title='bbox 880 4455 921 4471; x_wconf 90' lang='lat'>-</span> <span class='ocrx_word' id='word_1_216' title='bbox 936 4423 1032 4492; x_wconf 81' lang='lat' dir='ltr'><strong>Alias,</strong></span> <span class='ocrx_word' id='word_1_217' title='bbox 1050 4426 1136 4484; x_wconf 84' lang='lat' dir='ltr'><strong>etiam</strong></span> <span class='ocrx_word' id='word_1_218' title='bbox 1152 4425 1183 4484; x_wconf 89' lang='lat' dir='ltr'><strong>in</strong></span> <span class='ocrx_word' id='word_1_219' title='bbox 1195 4425 1262 4485; x_wconf 85' lang='lat' dir='ltr'><strong>cod.</strong></span> <span class='ocrx_word' id='word_1_220' title='bbox 1283 4446 1352 4504; x_wconf 71' lang='lat' dir='ltr'><strong>ms,</strong></span> <span class='ocrx_word' id='word_1_221' title='bbox 1371 4447 1437 4506; x_wconf 75' lang='lat' dir='ltr'><strong>quo,</strong></span> <span class='ocrx_word' id='word_1_222' title='bbox 1452 4447 1537 4487; x_wconf 85' lang='lat' dir='ltr'><strong>meu·</strong></span> 
     </span>
     <span class='ocr_line' id='line_1_33' title="bbox 495 4533 555 4575; baseline 0.067 -5"><span class='ocrx_word' id='word_1_223' title='bbox 495 4533 555 4575; x_wconf 86' lang='lat' dir='ltr'><strong>ose.</strong></span> 
     </span>
    </p>
   </div>
   <div class='ocr_carea' id='block_1_7' title="bbox 0 0 1876 5667">
    <p class='ocr_par' dir='ltr' id='par_1_11' title="bbox 0 0 1876 5667">
     <span class='ocr_line' id='line_1_34' title="bbox 0 0 1876 5667; baseline 0 5"><span class='ocrx_word' id='word_1_224' title='bbox 0 0 1876 5667; x_wconf 95' lang='lat' dir='ltr'><strong> </strong></span> 
     </span>
    </p>
   </div>
  </div>
 </body>
</html>
