3742 5667
502 840 561 899 tta
722 832 888 895 mutans
906 822 1124 895 concitans
1143 836 1194 895 nn
1215 836 1349 898 soona.

502 970 635 1045 comite
651 974 816 1069 Hugone,
840 994 924 1044 cum
940 994 983 1043 ex
1003 970 1249 1069 abjurationa¹
1267 970 1423 1042 Franciae
1444 967 1570 1067 (guer-

501 1112 581 1162 ram
597 1089 695 1161 enim
715 1088 789 1185 regi
804 1112 889 1161 cum
904 1086 1084 1160 avunculo
1102 1111 1186 1182 rege
1204 1086 1351 1183 Anglico
1371 1083 1571 1182 inferebat)

499 1205 767 1296 adventasset¹‚
795 1220 961 1304 quartam
989 1200 1173 1298 efficiens3
1211 1204 1376 1302 quintam
1406 1208 1571 1299 Burgun-

501 1320 774 1394 diorum⁸ducis
789 1334 826 1393 et
847 1320 1074 1393 Nivernensis
1091 1320 1245 1413 comitis,
1259 1320 1429 1419 praeviam
1445 1320 1566 1392 fecit⁴.

501 1442 629 1513 Comes
650 1463 739 1512 vero
763 1439 921 1535 egregius
948 1435 1237 1510 Viromandensis
1263 1435 1456 1529 nadulfus,
1486 1458 1569 1531 ger·

501 1580 608 1630 mana
620 1555 714 1655 regis
731 1553 1041 1651 consanguinitate
1055 1554 1281 1654 conspicuus,
1301 1554 1439 1653 optima
1455 1552 1571 1624 fretus

500 1670 641 1762 militia,
662 1670 850 1769 multoque
866 1670 1171 1759 Sancti-Quintini
1187 1683 1224 1741 et
1241 1669 1352 1742 totius
1373 1683 1488 1760 terrae,
1512 1690 1570 1739 ar-

498 1804 600 1877 mato
631 1806 706 1864 tam
738 1789 859 1863 loricis
882 1816 994 1889 quam
1017 1790 1124 1887 galcis
1146 1788 1322 1883 exercitu,
1348 1812 1465 1862 cornu
1483 1787 1572 1861 dex·

500 1932 599 1990 trum
609 1940 818 1989 conservare
834 1916 1057 2008 destinatus⁸,
1074 1915 1242 1988 Pontivos
1258 1929 1294 1988 et
1307 1914 1571 1987 ambianenses

499 2047 536 2105 et
551 2032 778 2105 Belvacenses
797 2033 835 2107 in
850 2032 994 2106 sinistro
1015 2032 1183 2105 constitui
1208 2030 1425 2133 approbavit
1440 2032 1465 2103 ⁸.
1495 2032 1570 2102 No-

498 2146 691 2221 bilissimus
726 2149 835 2221 etiam
869 2173 991 2221 comes
1029 2147 1252 2219 Flandrensis
1265 2151 1289 2239 ⁷,
1328 2170 1412 2220 cum
1438 2146 1572 2219 decem

500 2263 659 2336 millibus
675 2264 831 2337 militum
850 2264 1193 2363 pugnatissimorum
1213 2262 1454 2362 (triplicasset'
1469 2286 1574 2335 exer-

501 2382 615 2454 citum
620 2439 631 2473 ,
661 2382 691 2452 si
719 2382 930 2479 tempestive
961 2380 1097 2477 scisset)
1120 2396 1279 2453 extrema
1301 2381 1378 2453 acie
1402 2379 1450 2453 ad
1466 2403 1573 2479 pera·

501 2496 663 2593 gendum
687 2496 935 2570 ordinabatur.
967 2498 1030 2570 His
1054 2512 1176 2569 autem
1204 2497 1367 2571 locorum
1395 2495 1574 2569 affinitate

501 2615 727 2713 propinquus
740 2613 814 2685 dux
826 2614 1023 2713 Aquitaniae
1034 2612 1392 2707 Guillelmns,comes
1408 2615 1573 2713 egregius

504 2730 714 2822 britanniae,
755 2754 876 2803 comes
922 2729 1116 2803 bellicosus
1161 2731 1270 2804 Fulco
1304 2729 1573 2829 andegavensis

542 2994 574 3050 t.
594 2989 641 3050 Sic
661 2990 729 3051 edd.
748 2988 853 3050 thsn.
873 3000 904 3049 et
921 2987 1071 3052 Benedict.
1087 3020 1128 3037 -
1141 2991 1312 3063 Ajuratione
1335 3000 1395 3049 tres
1422 2989 1510 3054 codd.
1530 3023 1572 3039 -

502 3087 694 3159 Adjmtione
705 3085 797 3147 6265.

543 3184 574 3240 2.
592 3182 627 3237 ln
650 3178 706 3238 boc
724 3177 975 3256 San-Dionysiano
995 3176 1201 3258 contestata),
1219 3177 1269 3257 qui
1282 3176 1367 3238 nobis
1390 3176 1469 3238 idem
1489 3178 1574 3240 vide·

502 3286 551 3333 tur
564 3292 598 3331 ac
611 3271 662 3333 ilie
677 3292 765 3352 quero
785 3271 933 3331 eonmttre
947 3269 1139 3345 Benedicent,
1154 3271 1298 3332 recentior
1315 3272 1433 3351 quidam
1455 3272 1572 3351 glossa-

501 3380 549 3428 tor
555 3366 665 3447 praevio
671 3366 785 3425 monitu
794 3386 861 3426 snas
869 3366 1080 3439 annotationes,
1094 3365 1138 3426 uti
1146 3386 1183 3427 cx
1191 3366 1249 3427 alio
1261 3366 1401 3427 chronico
1411 3378 1572 3443 mutuatas,

502 3458 545 3519 sic
559 3458 760 3518 commendat:
775 3464 865 3532 Nota,
882 3479 947 3532 cecr
957 3473 1000 3517 est
1014 3458 1258 3538 d'augmentation
1269 3463 1326 3517 tire
1337 3462 1388 3517 des
1403 3462 1574 3537 chroniques

502 3558 540 3612 de
559 3558 678 3633 Sugger.
699 3552 825 3628 Deinde,
836 3552 922 3636 juxta
937 3555 1061 3615 verbum
1080 3558 1277 3628 adventasset,
1301 3555 1407 3619 additt
1423 3560 1496 3618 Cum
1511 3570 1572 3617 octo

501 3647 630 3715 milt'bus.

545 3744 573 3801 ³.
589 3743 631 3800 Ut
643 3742 743 3820 snpra.

542 3839 574 3895 4.
598 3840 672 3911 Quoe
701 3837 797 3893 decem
818 3840 902 3895 milia
921 3836 1065 3901 bominum
1085 3850 1262 3897 avennorum
1284 3835 1459 3913 continebat,
1484 3836 1570 3898 addit

502 3929 659 4011 glossatum
680 3928 728 3987 oni
751 3930 870 4008 praeiixa
886 3931 918 3991 in
930 3936 983 3991 sud
1001 3930 1127 3992 editione
1142 3930 1233 3992 verba
1252 3952 1319 3990 mon
1338 3939 1468 4011 quintam
1491 3931 1568 3993 salso

502 4022 683 4086 benedictini
691 4022 918 4104 adscripserunt.

546 4122 576 4179 5.
596 4120 667 4177 Cum
679 4130 787 4194 septem
799 4117 913 4175 milibus
925 4118 1006 4179 addit
1021 4118 1174 4199 glossator.

546 4216 576 4273 6.
597 4214 633 4267 In
654 4223 732 4267 tanto
749 4230 863 4268 numm
884 4209 967 4270 addit
988 4211 1139 4293 glossator.
1164 4210 1197 4272 ld
1221 4224 1265 4273 est
1286 4232 1353 4273 cum
1375 4223 1486 4293 septem
1497 4208 1568 4273 mii-

502 4304 591 4381 libus,
600 4301 839 4365 aiuntBenedict.

546 4403 575 4463 t.
589 4400 657 4456 Post
680 4395 802 4456 verbum
825 4396 1023 4477 flandrensis,
1043 4398 1074 4458 in
1091 4398 1262 4462 membrana
1273 4404 1363 4465 vacua
1375 4402 1500 4461 Karoltn
1512 4398 1568 4459 ad-

504 4493 577 4553 didit
591 4512 693 4552 mauus
704 4494 860 4568 recentior,
870 4492 902 4552 in
915 4494 982 4558 cod.
997 4494 1067 4559 543.

546 4592 576 4649 8.
600 4590 785 4666 Tripiicasset
797 4593 874 4646 enlm
886 4594 1042 4649 exereitum
1058 4592 1129 4653 543.
