3742 5667
459 754 533 812 SUll
552 754 623 813 SON
644 750 961 811 antfflttsttttrtott
981 746 1199 813 murmur.
1301 756 1357 813 207

287 884 485 959 unciarum
500 887 590 977 auri,
608 884 759 982 gemmis
774 884 957 984 preciosis,
982 884 1115 957 scilicet
1133 883 1302 981 jacinthis
1322 902 1359 959 et

288 1001 443 1098 topaziis
457 1015 641 1093 ornatum,
667 1026 736 1099 pro
760 998 831 1072 alio
852 1000 916 1097 qui
939 1014 1103 1099 tempore
1123 1001 1359 1075 antecessoris

288 1119 410 1191 nostri
424 1117 632 1191 vadimonio
646 1118 813 1217 perierat,
826 1116 966 1190 restitui
979 1115 1257 1191 elaboravimus.

337 1232 449 1306 atiud
462 1235 570 1307 etiam
582 1258 642 1307 vas
653 1232 957 1333 preciosissimum
973 1232 1020 1305 de
1030 1231 1149 1331 lapide
1160 1232 1294 1332 prasio,
1311 1232 1358 1307 ad

287 1348 451 1422 formam
465 1351 565 1424 navis
583 1349 822 1449 exsculptum,
841 1350 942 1449 quod
962 1374 1024 1422 rex
1048 1348 1252 1422 Ludovicus
1273 1347 1357 1421 Phi·

286 1464 378 1563 lippi
403 1491 470 1565 per
500 1466 716 1540 decennium
740 1465 815 1539 fere
840 1466 1051 1539 vadimonio
1071 1466 1250 1556 amiserat,
1272 1490 1358 1539 cum

287 1580 398 1653 nobis
423 1582 472 1655 ad
500 1582 697 1656 videndum
715 1582 879 1657 oblatum
905 1581 1051 1672 fuisset,
1079 1579 1241 1679 ejusdem
1264 1582 1357 1679 regis

286 1701 522 1774 concessione
554 1702 731 1798 sexaginta
756 1701 886 1774 marcis
921 1701 1060 1798 argenti
1091 1714 1353 1799 comparatum,

285 1838 374 1887 cum
401 1816 618 1915 quibusdam
643 1817 792 1891 floribus
815 1841 959 1889 coronae
990 1815 1225 1916 imperatricis
1246 1813 1355 1888 beato

285 1933 463 2031 Dionysio
478 1934 690 2006 obtulimus.
709 1932 818 2021 Quod
835 1932 1084 2020 videlicetvas,
1097 1947 1172 2004 tam
1185 1955 1255 2031 pro
1271 1957 1356 2031 pre-

285 2048 376 2121 ciosi
396 2047 525 2148 lapidis
546 2048 715 2147 qualitate
731 2073 841 2147 quam
847 2049 987 2145 integra
1001 2049 1057 2121 sui
1071 2048 1271 2147 quantitate
1286 2048 1354 2121 mi·

284 2162 660 2255 rificum,inclusorio¹
670 2165 782 2236 sancti
791 2163 892 2259 Eligii
901 2188 1010 2264 opere
1019 2179 1158 2237 constat
1169 2179 1351 2256 ornatum,
1374 2261 1378 2266 Α

286 2280 387 2377 quod
405 2281 570 2353 omnium
582 2280 929 2378 aurificum¹judicio
946 2281 1251 2383 preciosissimum
1262 2280 1355 2355 aesti·

284 2410 421 2470 matur.

334 2516 406 2585 Vas
431 2538 577 2612 quoque
602 2512 714 2606 aliud,
738 2515 837 2612 quod
864 2516 977 2587 instar
1005 2514 1109 2611 justae
1138 2512 1261 2586 berillt
1290 2529 1353 2587 aut

284 2628 431 2701 cristalli
452 2630 613 2723 videtur,
629 2656 714 2705 cum
730 2632 768 2703 in
785 2632 903 2731 primo
926 2630 1055 2704 itinere
1071 2630 1270 2728 Aquitania
1291 2655 1352 2702 re-

285 2745 368 2841 gina
394 2747 536 2819 noviter
556 2746 769 2847 desponsata
793 2746 944 2819 domino
976 2746 1051 2842 regi
1071 2743 1256 2817 Ludovico
1286 2743 1351 2816 de·

283 2859 408 2953 disset,
423 2887 494 2961 pro
509 2887 643 2961 magno
656 2866 788 2937 amoris
803 2887 955 2936 munere
973 2861 1080 2934 nohis
1089 2885 1166 2952 rex,
1179 2884 1247 2932 nos
1262 2884 1351 2933 vero

284 2978 415 3051 sanctis
431 2979 647 3077 Martyribus
665 2980 821 3053 dominis
846 2980 979 3053 nostris
1006 2977 1053 3050 ad
1080 2976 1269 3053 libandum
1294 2975 1350 3048 di·

284 3094 374 3168 vinae
389 3120 522 3168 meusae
538 3094 833 3169 affectuosissime
851 3094 1084 3169 contulimus.
1108 3093 1218 3191 Cujus
1238 3093 1351 3166 dona-

284 3209 392 3283 tionis
409 3213 539 3286 seriem
553 3212 592 3283 in
604 3211 734 3285 eodem
749 3237 845 3303 vase,
865 3212 1017 3309 gemmis
1033 3235 1196 3309 auroque
1205 3223 1348 3301 ornato,

284 3327 467 3401 versiculis
484 3327 702 3427 quibusdam
715 3326 976 3401 intitulavimus
994 3354 1003 3398 ε

361 3546 428 3605 Hoc
443 3564 495 3605 ras
509 3564 614 3625 sponsa
626 3544 707 3605 dedit
720 3548 819 3605 Aanor
830 3541 892 3622 regi
905 3541 1069 3615 Ludovico,

360 3638 516 3700 Mitadolus
529 3659 595 3714 aro,
610 3637 683 3699 mihi
697 3658 761 3712 rex,
774 3637 935 3715 sanctisque
948 3638 1086 3713 sugerus.

329 3820 627 3919 Comparavimus
643 3819 750 3892 etiam
767 3816 904 3916 praefati
919 3814 1040 3888 altaris
1052 3811 1180 3886 officiis
1194 3810 1342 3885 calicem

281 3935 499 4032 preciosum,
519 3936 565 4008 de
583 3960 657 4009 uno
669 3949 705 4007 et
713 3934 888 4007 continuo
904 3926 1105 4022 sardonice,
1117 3928 1217 4028 quod
1230 3945 1284 4002 est
1299 3928 1345 4001 de

281 4051 402 4123 sardio
418 4065 455 4125 et
470 4052 587 4146 onice,
611 4076 686 4151 quo
709 4076 783 4125 uno
800 4048 1030 4148 usqueadeo
1053 4046 1162 4119 sardii
1186 4045 1300 4118 rubor
1324 4067 1345 4114 a

281 4166 467 4264 nigredine
491 4168 651 4243 onichini
686 4167 945 4268 proprietatem
966 4162 1140 4237 variando
1162 4159 1341 4235 discriud·

321 4402 352 4461 l.
373 4404 529 4459 inclusorio
540 4400 606 4462 cod.
619 4418 673 4461 ms.
688 4430 727 4445 -
737 4402 850 4460 lnchtso
861 4396 931 4459 edd.

321 4496 352 4553 Ξ.
366 4495 527 4571 Aorr'ficum
539 4492 619 4555 deest
630 4492 662 4553 in
671 4491 739 4555 edd.
