3742 5667
484 688 542 745 ete
700 682 865 741 mnvnss
884 662 1096 739 conaturos
1113 679 1163 736 nu
1184 678 1317 736 susan.

484 816 575 889 tioni
589 830 712 887 vestrae
727 814 896 887 attentius
911 810 1218 900 commendantes,
1236 810 1320 907 quia
1336 807 1417 907 plus
1435 805 1542 879 solito

482 946 573 1029 eget,
590 947 630 1004 ut
645 930 726 1028 plus
741 930 848 1002 solito
863 928 1081 1002 subveniatis
1092 927 1140 1001 ad
1151 949 1316 1026 praesens,
1331 922 1542 1023 suppliciter

482 1048 672 1146 poscimus.
700 1049 791 1117 Cum
814 1044 909 1117 enim
933 1040 1129 1115 venerandi
1159 1056 1269 1114 status
1299 1038 1487 1112 nobilitate
1506 1050 1542 1109 et

483 1160 617 1235 famosa
638 1158 810 1232 doctrinae
836 1159 1001 1259 lampade
1022 1158 1196 1231 hactenus
1226 1156 1360 1229 clarere
1390 1178 1542 1227 consue·

483 1278 585 1367 verit,
599 1276 636 1347 iu
654 1272 793 1346 defectu
807 1288 1017 1371 personatus
1028 1272 1184 1346 decaniae
1193 1270 1360 1344 vacillans
1369 1270 1540 1365 graviter,

484 1393 513 1463 si
536 1416 609 1463 nou
631 1390 663 1462 ei
682 1388 926 1481 subveniatur,
947 1389 1126 1463 declinare
1148 1389 1301 1461 festinat.
1324 1389 1416 1458 Cum
1444 1386 1545 1457 enim

485 1506 548 1604 qui
578 1506 668 1578 alios
689 1504 853 1578 doctriua
873 1520 910 1577 et
928 1504 1009 1577 vitae
1031 1502 1195 1603 exemplo
1215 1501 1417 1601 praecedere
1431 1498 1542 1572 debet

485 1622 592 1694 etiam
619 1622 719 1717 sequi
748 1620 895 1711 nesciat,
917 1618 1080 1720 profecto
1102 1617 1330 1692 subditorum
1355 1614 1544 1714 disciplina

484 1761 549 1836 per
570 1735 646 1832 ejus
668 1736 842 1809 inscitiam
867 1758 888 1808 a
915 1735 1087 1809 doctrinae
1113 1749 1150 1806 et
1174 1732 1374 1835 prudentiae
1399 1732 1545 1805 tramite

483 1848 674 1923 exorbitat.
694 1854 798 1942 Sane,
816 1876 900 1922 cum
915 1850 954 1922 iu
968 1850 1089 1924 Galliis
1104 1864 1220 1923 vestra
1236 1855 1311 1923 Deo
1329 1864 1366 1922 et
1382 1848 1546 1920 bomini-

483 1966 553 2038 bus
578 1981 676 2062 grata
708 1966 905 2041 frueremur
935 1967 1134 2066 praesentia,
1167 1981 1352 2064 assumpto
1380 1964 1544 2062 ejusdem

484 2080 639 2153 ecclesiae
666 2080 805 2154 decano
835 2086 887 2157 B.¹
923 2084 960 2155 in
990 2084 1199 2182 episcopum
1230 2081 1542 2170 catalaunensem,

482 2210 632 2296 propter
644 2196 864 2270 diversarum
881 2199 1037 2297 partium
1052 2198 1256 2270 Parisiensis
1268 2196 1415 2296 capituli
1429 2196 1544 2268 disso-

482 2311 656 2404 nantiam,
675 2313 737 2409 qui
756 2313 887 2386 crebro
908 2313 1069 2386 localiter
1086 2314 1338 2389 convenientes
1356 2313 1393 2384 in
1414 2334 1544 2409 accep-

483 2428 581 2500 tione
601 2426 761 2525 ejusdem
787 2452 948 2527 personae
975 2429 1011 2500 in
1038 2426 1216 2501 decanum
1231 2428 1434 2501 convenire
1465 2451 1541 2498 nou

482 2541 672 2635 valebant,
701 2568 722 2614 a
754 2544 970 2616 Pateruitate
1001 2558 1117 2617 vestra
1146 2542 1298 2616 eandem
1330 2542 1543 2615 electionem

482 2657 708 2729 committere
726 2656 993 2733 honestioribus
1007 2659 1169 2758 personis
1190 2656 1352 2756 ejusdem
1373 2656 1543 2747 ecclesiae,

482 2796 640 2869 quorum
653 2771 829 2847 industria
846 2774 892 2847 ad
908 2774 1087 2847 honorem
1106 2776 1172 2846 Dei
1192 2773 1439 2872 pacificaretur
1454 2798 1545 2845 con-

483 2887 671 2979 troversia,
686 2889 898 2962 mandatum
909 2906 1153 2991 susceperuut.
1163 2892 1247 2983 Qui,
1258 2892 1370 2989 parati
1378 2889 1543 2983 obedire,

482 3017 639 3099 quatuor
667 3002 827 3101 ejusdem
857 3006 1012 3079 ecclesiae
1044 3005 1237 3094 canonicis,
1264 3029 1422 3101 quorum
1450 3028 1546 3075 unus

482 3117 543 3188 hic
572 3131 669 3212 erat,
696 3118 785 3189 nihil
814 3119 897 3192 mali
927 3121 964 3192 in
992 3123 1042 3192 eis
1068 3136 1129 3193 aut
1157 3119 1202 3192 de
1228 3120 1277 3192 eis
1308 3120 1544 3218 suspicantes,

483 3232 695 3305 electionem
729 3236 998 3309 commiserunt.
1026 3238 1110 3329 Qui,
1128 3236 1228 3334 quod
1253 3235 1364 3308 semel
1389 3236 1483 3307 inter
1507 3260 1548 3306 se

483 3361 714 3446 susceperant
734 3364 830 3422 extra
869 3375 906 3422 se
934 3375 1081 3448 erogare
1105 3367 1328 3441 recusantes,
1363 3353 1451 3449 quin
1483 3375 1549 3449 po·

483 3462 553 3533 tius
585 3463 679 3535 iuter
710 3487 747 3535 se
775 3467 979 3556 retinentes,
1005 3468 1071 3567 ipsi
1097 3468 1196 3540 hunc
1214 3466 1260 3539 de
1280 3466 1447 3539 forsitan¹
1478 3463 1548 3536 sibi

481 3577 519 3648 in
562 3574 739 3651 decanum
782 3579 975 3677 elegerunt.
1020 3587 1135 3683 Super
1173 3607 1247 3682 quo
1286 3581 1391 3655 valde
1422 3580 1547 3653 mirati

481 3713 617 3784 sumus,
643 3693 852 3791 quodcum
884 3700 1094 3771 auctoritate
1122 3713 1240 3772 vestra
1269 3713 1423 3797 quatuor
1440 3722 1545 3769 com-

481 3806 588 3879 missa
608 3808 717 3883 luerit
744 3812 884 3904 electio,
913 3815 943 3885 si
969 3829 1042 3886 tres
1068 3830 1236 3912 quartum
1260 3815 1456 3911 elegerunt,
1477 3812 1548 3884 mi·

482 3944 550 3994 nus
578 3922 805 4000 obedierunt.
846 3926 955 4016 Quod
983 3930 1012 3999 si
1038 3946 1184 4025 quartus
1206 3955 1291 4003 cum
1314 3928 1391 4002 aliis
1415 3954 1453 4000 se
1477 3927 1549 4000 ele·

481 4037 544 4133 git,
561 4042 783 4115 Paternitatis
796 4059 921 4117 vestrae
940 4044 1107 4118 discretio
1128 4044 1266 4119 infinite
1284 4045 1410 4119 melius
1432 4069 1547 4143 quam

482 4176 549 4226 nos
571 4159 752 4253 cognoscit
769 4159 857 4258 quid
878 4158 1013 4234 lecerit.

523 4390 553 4448 l.
568 4389 785 4455 bartholomeo.
801 4422 842 4439 -
852 4396 881 4452 2.
898 4390 945 4457 Sic
955 4393 1094 4454 editiones
1105 4412 1218 4456 omnes.
