3742 5667
747 812 921 871 Lll'l'l‘llES.
1302 821 1360 879 259

300 943 472 1016 bonitatis
488 958 658 1017 consueta
678 944 905 1044 propitiatio,
924 958 973 1035 et,
992 944 1211 1043 quodetiam
1235 948 1363 1025 belluae

301 1060 512 1134 naturaliter
527 1059 674 1154 faciunt,
689 1061 874 1157 diligentes
890 1086 928 1133 se
942 1059 1077 1157 diligat,
1096 1060 1220 1136 fideles
1232 1080 1267 1136 et
1277 1092 1363 1165 prae·

300 1174 477 1249 cordiales
492 1177 628 1250 amicos
643 1201 790 1249 enecare
804 1176 990 1249 erubescat
1007 1201 1016 1250 :
1032 1191 1072 1248 ut
1089 1203 1180 1276 quos
1199 1182 1364 1256 exeundo

301 1308 441 1365 terrore
462 1293 576 1366 nimio
591 1294 774 1384 contrivit,
797 1292 984 1365 redeundo
1012 1294 1138 1367 saltem
1166 1312 1246 1395 post
1265 1312 1363 1371 tanta

301 1408 474 1508 pericula,
486 1424 569 1508 post
577 1424 693 1482 tantas
702 1426 739 1483 et
748 1409 1026 1482 innumerabiles
1036 1409 1259 1485 diversarum
1270 1440 1366 1487 mor·

300 1525 391 1596 tium
406 1526 600 1623 passiones,
619 1526 812 1598 sullicienti
825 1526 954 1598 solatio
969 1528 1164 1600 resuscitet.
1182 1534 1226 1600 Ut
1242 1543 1364 1603 autem

302 1642 520 1739 totiusregni
533 1644 586 1715 tui
602 1642 668 1713 tibi
678 1667 765 1717 voce
779 1640 918 1741 loquar,
931 1641 1019 1740 quid
1032 1659 1098 1735 est,
1111 1644 1291 1719 carissime
1302 1672 1364 1720 rex
1493 1710 1497 1715 .

301 1772 337 1829 et
353 1756 518 1851 domine,
536 1784 648 1857 quare
675 1784 742 1831 nos
769 1758 883 1856 fugis?
907 1762 1034 1832 Nonne
1060 1761 1122 1858 qui
1151 1761 1309 1836 oderunt
1331 1778 1365 1836 te

302 1874 465 1967 oderam,
480 1889 515 1948 et
530 1900 637 1973 super
649 1874 814 1947 inimicos
827 1889 908 1947 tuos
925 1874 1177 1949 tabescebam?
1192 1879 1264 1966 Qui
1279 1904 1364 1953 cum

304 2006 351 2081 te,
369 2006 409 2063 et
423 2016 490 2064 nos
505 2006 585 2065 tuos
594 2007 765 2089 tanquam
775 2005 811 2063 te
827 1990 973 2087 diligere
987 1990 1150 2097 deberes,
1164 1994 1264 2091 quod
1275 2020 1364 2067 neu·

302 2122 401 2180 trum
420 2106 552 2181 videris
566 2107 727 2204 diligere,
747 2107 857 2205 magis
879 2104 1056 2179 dolemus.
1078 2109 1263 2206 Siquidem
1280 2136 1365 2184 cum

304 2224 504 2297 inOrientis
513 2224 674 2324 partibus
682 2223 856 2297 acerrime
865 2222 1215 2317 laboraveris,multa
1227 2241 1364 2327 etpeoe

303 2338 542 2412 intolerabilia
558 2340 651 2411 mala
668 2340 887 2431 sustinueris,
911 2354 995 2439 post
1014 2338 1170 2413 reditum
1185 2340 1364 2415 baronum

304 2471 338 2527 et
353 2456 571 2555 optimatum
588 2457 698 2554 regni,
718 2481 789 2554 qua
805 2454 937 2528 duritia
952 2455 1009 2528 vel
1025 2458 1144 2555 potius
1154 2457 1365 2531 crudelitate

304 2570 399 2643 inter
433 2570 606 2644 barbaros
640 2595 826 2644 remanere
859 2573 1140 2670 praesumpsistit
1171 2572 1366 2647 ltedierunt

305 2687 406 2783 regni
429 2685 712 2787 perturbatores;
739 2702 774 2761 et
799 2702 857 2778 tu,
890 2687 953 2785 qui
981 2688 1173 2761 defendere
1200 2688 1362 2785 deberes,

307 2803 408 2901 quasi
420 2804 618 2903 captivatus
634 2804 773 2897 exules,
786 2827 892 2875 ovem
903 2802 992 2902 lupo
1007 2802 1196 2894 tradidisti,
1215 2829 1365 2900 regnum

304 2918 510 3017 raptoribus
541 2921 745 3019 exposuisti.
779 2924 955 3016 Rogamus
984 2919 1091 3015 igitur
1117 2919 1364 2993 celsitudinem

306 3050 418 3129 tuam,
434 3035 616 3135 pulsamus
628 3038 809 3135 pietatem,
820 3036 1027 3133 adjuramus
1041 3035 1312 3133 benignitatem,
1330 3052 1366 3108 et

306 3177 370 3251 per
391 3178 472 3225 eam
490 3178 562 3251 qua
584 3153 738 3225 invicem
761 3151 908 3249 obligati
935 3177 1058 3225 sumus
1083 3151 1192 3225 fidem
1215 3152 1367 3225 obtesta-
1422 3161 1426 3174 '

306 3291 402 3362 mur,
409 3294 456 3340 ne
465 3284 546 3367 post
558 3270 745 3341 transitum
760 3267 900 3341 Pascbae
917 3266 966 3339 ibi
979 3265 1034 3339 vel
1049 3266 1233 3339 modicum
1242 3266 1367 3340 demo·

306 3382 406 3475 reris,
420 3405 466 3452 ne
481 3405 564 3454 reus
573 3382 800 3480 professionis
812 3396 846 3454 et
853 3379 1048 3479 juramenti
1059 3378 1159 3477 quod
1173 3380 1209 3451 in
1227 3406 1367 3479 suscep-

307 3498 404 3569 tione
423 3522 565 3571 coronae
581 3524 690 3595 regno
703 3498 815 3570 lecisti
833 3498 870 3568 in
887 3495 1000 3569 oculis
1017 3496 1083 3568 Dei
1097 3521 1284 3595 appareas.
1294 3500 1366 3570 Nos

307 3628 427 3685 autem
443 3615 535 3687 sicut
549 3613 717 3711 angelum
731 3612 799 3685 Dei
810 3637 875 3685 vos
891 3626 1129 3712 expectantes,
1145 3611 1365 3709 ubicumque

307 3755 450 3803 necesse
462 3731 569 3804 fuerit
582 3732 793 3830 procedere,
802 3729 998 3803 necessaria
1007 3752 1157 3827 queque
1167 3751 1366 3827 praeparare

307 3847 421 3943 parati
442 3848 587 3919 erimus.
601 3850 796 3920 Conservet
820 3849 891 3917 Rex
910 3869 1034 3940 regum
1051 3859 1087 3916 et
1105 3845 1282 3916 Dominus
1297 3843 1364 3916 do-

308 3963 490 4035 minorum
505 3986 663 4062 personae
677 3977 802 4035 vestrae
814 3961 1095 4034 incolumitatem
1111 3959 1179 4065 sibi
1196 3974 1231 4030 et
1247 3956 1364 4033 nobis.

357 4080 549 4152 Pecuniam
576 4104 684 4178 quam
698 4076 800 4152 vobis
820 4078 962 4151 mittere
983 4078 1286 4176 disposueramus,
1316 4102 1368 4148 se

307 4196 468 4269 cundum
481 4212 699 4296 praeceptum
711 4210 883 4285 vestrum,
899 4192 1070 4266 fratribus
1081 4192 1217 4293 Templi
1230 4191 1367 4265 delibe-

308 4312 478 4385 ravimus.
492 4310 661 4385 Similiter
668 4326 705 4383 et
713 4334 834 4383 comes
844 4312 903 4381 R.¹
914 4308 1093 4409 quidquid
1108 4306 1211 4382 vobis
1226 4333 1367 4385 accom-

351 4568 380 4626 l.
392 4563 544 4626 liedulfus.
