3742 5667
604 709 872 782 rurroruuaous
892 724 1212 795 coursrrromuts.
1379 735 1438 791 ma

474 1101 524 1147 Π.
553 1100 599 1147 uu
632 1101 838 1148 nostratum
864 1101 992 1150 bonnm
1022 1101 1163 1153 suuntur
1192 1107 1332 1156 usuris

724 1225 768 1271 ΕΤ
793 1225 960 1273 optumus
991 1225 1084 1275 EIUS·

421 1475 535 1542 Inclite
548 1476 672 1567 Sugeri‚
689 1474 835 1566 cupimus
849 1490 882 1540 te
895 1473 967 1540 luce
980 1475 1107 1566 repleri,

419 1580 509 1645 Justa
523 1577 581 1644 Dei
593 1576 657 1643 veri
671 1575 831 1667 magnalia
844 1575 942 1643 eorde
955 1576 1070 1644 vereri.

419 1680 515 1746 Abba
524 1696 626 1770 pater,
642 1678 762 1768 gaude3
775 1677 980 1768 dignissimus
993 1703 1040 1762 es,
1056 1679 1118 1772 pie,
1131 1680 1239 1749 laude.

420 1782 530 1847 Mente
545 1783 615 1846 Deo
626 1779 761 1871 plaude,
776 1781 862 1846 bona
878 1781 995 1847 cudere
1006 1781 1133 1849 sortiter
1145 1784 1241 1850 aude.

419 1884 575 1952 Nobilitas
588 1908 718 1950 morum
731 1884 945 1976 supereminet
960 1901 1043 1951 astra
1059 1902 1199 1967 tuomm,

420 1986 483 2070 Qui
499 2003 636 2077 pateres
651 1985 768 2053 llorum
782 1987 876 2054 simul
888 2004 920 2053 et
933 1986 1076 2078 regimen
1088 1991 1322 2056 monachorum
1336 2019 1346 2056 ε

338 2141 349 2152 .
420 2088 553 2156 Coelieus
564 2113 641 2180 ergo
653 2091 770 2156 chorus
780 2089 896 2181 probat
904 2090 990 2154 banc
1002 2089 1174 2180 splendore
1190 2091 1340 2174 decorum

419 2189 596 2281 Sceptriger
611 2213 752 2256 annosus
762 2206 849 2256 amat
864 2189 964 2272 banc,
979 2208 1012 2256 et
1028 2190 1093 2256 dux
1106 2190 1280 2260 animosus.

418 2294 615 2358 Francorum
625 2308 737 2375 eoems,
751 2292 847 2380 hujus
860 2291 1081 2359 moderamine
1092 2293 1201 2377 fretus,

419 2394 512 2460 Hane
527 2393 615 2476 eolit,
631 2411 664 2461 et
674 2393 767 2460 laetus
779 2392 901 2484 regitur
912 2394 1030 2483 pietate
1045 2396 1199 2485 repletus.

417 2495 576 2563 Nobilitas
587 2495 702 2562 mentis
714 2511 804 2587 patet
812 2493 961 2562 omnibus
971 2495 1041 2562 boec
1055 2496 1211 2580 facientis,

417 2597 480 2682 Qui
491 2597 628 2689 propriae
642 2598 745 2688 gentis
760 2597 857 2665 deeus
871 2615 921 2664 est
934 2614 968 2665 et
978 2599 1083 2665 forma
1096 2602 1246 2691 parentis.

417 2699 607 2766 Muneribus
623 2699 703 2766 divis
715 2702 801 2766 Deus
814 2700 900 2765 hunc
914 2702 1015 2767 erexit
1030 2702 1072 2767 ab
1086 2702 1169 2781 imis,

417 2803 466 2869 Ne
479 2802 570 2869 fieret
580 2800 649 2867 vilis
661 2800 786 2867 animus
796 2801 959 2891 virtusque
970 2801 1079 2869 virilis.

416 2903 526 2971 Gloria
540 2903 701 2994 condigna
717 2919 808 2968 tanto
822 2918 912 2993 patre
928 2919 1014 2969 sorte
1029 2904 1169 2994 benigna

416 3005 657 3072 Contulerat....
675 3003 764 3094 signa
779 3002 896 3094 quibus
907 3003 994 3070 fraus
1005 3029 1094 3072 cassa
1107 3007 1262 3098 maligna3

417 3107 513 3197 Signa
527 3109 698 3173 beatorum
713 3122 788 3171 sunt
800 3105 872 3170 diva
884 3103 1055 3172 karismata
1067 3129 1211 3191 morum,

417 3209 576 3276 Nobilitas
589 3231 725 3297 quorum
741 3206 933 3274 diffunditur
946 3231 1003 3273 ore
1017 3208 1172 3275 virorum.

416 3314 564 3402 Regnum
580 3313 777 3376 Francorum
791 3313 873 3375 rexit
889 3310 1110 3377 moderamine
1123 3335 1264 3392 morum,

416 3412 479 3496 Qui
493 3413 559 3478 dux
572 3435 746 3502 regnorum
760 3410 853 3478 simul
864 3429 896 3478 et
908 3411 1031 3478 durna.
1050 3412 1242 3482 animorum.

416 3513 524 3583 Gloria
538 3537 713 3606 regnorum
726 3537 785 3580 nee
798 3516 891 3581 obest
901 3513 1023 3581 meritis
1036 3514 1253 3599 dominorum,

414 3618 446 3683 Si
460 3617 676 3710 perfectorum
691 3618 830 3682 retinent
841 3617 988 3706 exempla
1000 3617 1176 3683 bonorum.

413 3719 572 3809 Splendor
583 3718 753 3786 doctorum
767 3717 860 3783 decet
871 3719 957 3783 hune
967 3718 1080 3784 virtute
1092 3719 1251 3801 laborum,

414 3821 477 3904 Qui
492 3820 552 3887 sibi
563 3837 752 3887 cunctorum
768 3819 905 3886 sormam
922 3837 1010 3886 tenet
1024 3821 1243 3890 emeritorum.

414 3928 550 3990 lnnovat
560 3921 725 3991 inventum
739 3939 864 4013 patera
880 3921 1065 3989 fundamine
1079 3924 1252 4015 templum,

413 4028 458 4092 Ut
471 4024 511 4090 sit
525 4024 754 4116 inexemplum
770 4024 913 4116 Dionysii
930 4043 1189 4094 monumentum.

413 4128 529 4194 Nostra
541 4151 599 4218 pro
610 4126 674 4193 vita
687 4126 801 4194 Christi
812 4127 872 4193 fuit
885 4127 937 4194 hie
948 4127 1091 4219 agonista

415 4228 601 4321 Ariopagitae
614 4229 785 4324 Dionysius
797 4254 806 4316 3
831 4229 1059 4319 archisophista

415 4329 528 4398 Extitit
543 4329 662 4398 athleta
679 4331 872 4398 fortissimus
886 4349 981 4422 atque
999 4334 1155 4424 propheta
1171 4356 1180 4398 ε

415 4437 528 4522 Regna
541 4450 628 4498 tenet
640 4433 710 4499 laeta
726 4433 776 4499 vir
790 4434 880 4499 fortis
891 4451 923 4500 et
937 4433 1110 4523 agoniteta,
