3742 5667
599 811 661 868 vtu
682 811 730 868 DE
749 813 861 872 Louls
881 816 929 872 LE
949 814 1059 874 GROS.
1318 822 1357 879 43

295 945 435 1018 vissime
451 942 520 1016 sed
532 942 752 1016 amarissime
761 969 845 1018 cum
861 945 964 1018 hoste
973 944 1145 1018 decertat.
1162 949 1238 1020 Viri
1253 973 1360 1022 econ·

296 1077 350 1136 tra
362 1061 587 1151 defensores,
609 1059 794 1132 audaciam
815 1062 895 1133 vitae
914 1062 1153 1160 praefercntes,
1176 1065 1275 1137 ocius
1295 1065 1359 1138 de·

296 1177 449 1250 fensioni
472 1177 654 1268 insistunt,
681 1199 749 1248 nec
771 1177 880 1248 etiam
899 1176 1050 1251 domino
1071 1194 1238 1279 parcunt,
1260 1204 1360 1253 arma

296 1315 456 1394 movent,
485 1301 624 1374 hostem
646 1301 824 1397 rejiciunt,
848 1303 1070 1400 superiorem
1094 1304 1170 1376 imo
1193 1307 1360 1379 torrentis

295 1417 503 1490 inferiorem
530 1415 784 1526 praecipitando
812 1417 1018 1491 restituunt.
1044 1419 1102 1490 Sic
1129 1444 1170 1490 ea
1191 1421 1287 1492 vice¹
1308 1422 1360 1494 illi

295 1533 457 1631 gloriam,
482 1533 541 1606 isti
562 1533 753 1631 repulsam,
773 1533 856 1606 licet
871 1533 986 1625 inviti,
1017 1534 1272 1609 sustinuerunt.
1298 1540 1362 1607 Pa-

296 1663 419 1722 rantur
439 1649 609 1747 deinceps
629 1649 734 1720 castri
752 1650 929 1722 eversioni
952 1649 1082 1724 bellica
1098 1651 1358 1746 instrumenta3

297 1766 454 1860 erigitur,
477 1765 638 1860 tristegas
658 1779 730 1836 tres
752 1765 996 1862 pugnantibus
1015 1767 1215 1865 porrigens,
1241 1792 1362 1865 super-

298 1881 459 1954 eminens
479 1880 665 1969 machina,
691 1905 770 1978 quae
790 1897 906 1954 castro
925 1883 1138 1982 superlativa
1157 1908 1361 1982 propugna-

298 1997 375 2070 torii
392 1997 503 2095 primi
521 1997 706 2092 sagittariis
722 2011 757 2069 et
768 1996 957 2070 balistariis
966 1999 1018 2070 ire
1032 2013 1094 2071 aut
1103 2023 1169 2096 per
1177 1999 1362 2074 castellum

298 2137 468 2212 apparere
497 2111 721 2212 prohiberet.
751 2112 867 2203 Unde,
896 2115 980 2212 quia
1002 2117 1221 2187 incessanter
1243 2115 1303 2188 die
1320 2141 1363 2189 ac

300 2244 401 2302 nocte
426 2228 486 2299 his
511 2228 693 2314 coarctati,
722 2227 989 2302 defensionibus
1010 2232 1082 2302 suis
1102 2232 1263 2302 assistere
1287 2256 1362 2305 non

299 2341 478 2434 valebant,
504 2345 643 2416 terratis
663 2344 779 2416 caveis
800 2344 1034 2418 defendentes
1057 2347 1190 2445 seipsos
1213 2346 1363 2444 provide

300 2459 552 2551 defensabant,
582 2483 802 2557 suorumque
834 2460 965 2533 ictibus
988 2462 1249 2557 sagittariorum
1279 2462 1364 2532 insi·

302 2575 449 2664 diantes,
480 2574 585 2674 primi
612 2575 870 2673 propugnaculi
896 2577 1097 2674 superiores
1119 2576 1246 2649 mortis
1272 2579 1364 2675 peri-

300 2693 377 2766 mlo
395 2689 656 2789 anticipabant.
685 2690 849 2762 Haerebat
873 2692 1047 2764 machinae
1072 2693 1243 2765 eminenti
1269 2716 1361 2790 pons

301 2803 446 2898 ligneus,
469 2803 586 2900 quise
604 2802 776 2874 excelsius
791 2805 989 2901 porrigens,
1006 2829 1089 2876 cum
1107 2803 1286 2903 paulisper
1302 2803 1363 2889 de·

303 2919 499 2991 mitteretur
513 2941 622 3015 super
634 2916 812 3014 glandem,
828 2917 969 2990 facilem
982 2918 1283 2993 descendentibus
1295 2945 1361 3017 pa-

303 3048 392 3104 raret
407 3033 620 3129 ingressum.
636 3033 743 3122 Quod
765 3048 891 3106 contra
913 3035 980 3105 viri
999 3033 1179 3133 superbis
1196 3034 1364 3107 callentes

303 3149 412 3244 lignea
424 3147 534 3247 podia
549 3173 593 3220 ex
605 3147 771 3248 opposito
787 3149 983 3248 separatim
996 3147 1244 3248 praeferebant,
1270 3164 1310 3220 ut
1328 3164 1364 3221 et

304 3289 391 3364 pons
422 3281 459 3337 et
479 3266 544 3364 qui
560 3290 625 3365 per
642 3279 792 3364 pontem
815 3264 1090 3362 ingrederentur
1108 3266 1269 3364 utrique¹
1284 3288 1364 3337 cor·
1470 3319 1476 3330 .

303 3395 444 3454 ruentes
460 3381 497 3452 in
507 3380 756 3454 subterraneas
768 3381 889 3453 foveas
907 3382 1021 3453 acutis
1033 3380 1181 3454 sudibus
1194 3395 1361 3472 armatas,

304 3520 348 3568 ne
363 3495 733 3570 animadverterentur
747 3497 828 3570 frete
840 3498 951 3597 paleis
961 3513 1118 3597 opertas,
1131 3499 1211 3571 vitae
1227 3497 1364 3595 pericu·

304 3610 380 3684 lum
391 3628 427 3686 et
442 3615 569 3686 mortis
582 3613 757 3686 mulctam
770 3614 999 3687 sustinerent.

353 3731 489 3800 Interea
509 3729 675 3828 praefatus
688 3731 822 3823 Guido,
845 3747 886 3804 ut
901 3730 1034 3802 callens
1049 3731 1106 3802 vir
1122 3745 1159 3802 et
1182 3746 1362 3822 strenuus,

306 3860 467 3941 parentes
482 3847 662 3919 etamicos
678 3849 841 3943 exagitat,
864 3847 1033 3920 dominos
1043 3847 1278 3946 supplicando
1290 3849 1365 3921 sol-

307 3957 427 4051 licitat,
449 3960 604 4034 obsessis
625 3963 789 4060 suffragia
809 3965 994 4037 accelerat.
1020 3968 1135 4060 Agens
1156 3963 1261 4059 igitur
1280 3988 1365 4035 cum

308 4078 436 4148 comite
452 4077 610 4177 palatino
631 4079 864 4173 theobalde,
890 4080 1155 4176 elegantissimae
1165 4079 1364 4178 juventutis

348 4267 380 4324 l.
392 4267 434 4321 Ea
449 4271 508 4323 vice
520 4267 606 4326 codd.
629 4285 729 4326 omnes
743 4278 772 4326 et
788 4266 858 4328 edit.
874 4268 984 4327 Bened.
1000 4297 1040 4313 -
1050 4270 1097 4325 Ea
1112 4272 1157 4324 via
1171 4266 1254 4344 reliq.
1273 4268 1340 4328 edd.

349 4357 383 4416 2.
399 4359 542 4436 Utrimque
565 4363 673 4420 tatto.
687 4395 725 4406 —
741 4365 845 4436 Utique
858 4359 905 4421 ed.
919 4362 1019 4421 Germ.

351 4453 383 4512 3.
402 4453 429 4508 is
446 4465 490 4512 est
510 4452 693 4512 Theobaldus
713 4456 769 4525 IV,
789 4457 920 4528 Magnus,
940 4451 1083 4512 Blesensis
1100 4465 1129 4511 et
1147 4452 1364 4534 Campaniensis

309 4561 418 4604 comes.
