3742 5667
499 828 556 886 aso
715 827 879 886 (amans
899 809 1107 886 courmrns
1127 825 1178 882 nu
1198 823 1332 884 suoru.

495 959 721 1059 repellendos
743 959 876 1033 imbres
892 959 1132 1032 tumultuosos
1151 973 1187 1031 et
1214 981 1451 1057 quaecumque
1467 979 1561 1029 mo-

495 1074 603 1167 lesta3
625 1077 752 1175 inquo
769 1076 865 1149 idem
881 1076 949 1174 ipsi
969 1076 1185 1176 exprimunt,
1208 1075 1270 1172 qui
1285 1073 1561 1172 praelationibus

497 1191 650 1265 actualtn
672 1216 715 1263 ex
743 1191 867 1264 debito
889 1189 1000 1262 officii
1021 1216 1063 1263 ex
1087 1190 1209 1290 seipsis
1230 1189 1365 1262 habent
1387 1190 1468 1263 loco
1488 1213 1559 1262 oo-

498 1307 636 1379 riorum
656 1323 694 1378 et
707 1307 940 1379 confovereet
956 1321 1080 1378 contra
1095 1331 1242 1380 omnem
1255 1304 1455 1378 molestiam
1470 1329 1560 1403 pro-

495 1434 615 1516 tegere
625 1419 933 1520 contemplativos,
946 1421 1009 1518 qui
1020 1427 1115 1492 vere*
1127 1437 1210 1492 sunt
1226 1445 1309 1493 arca
1325 1419 1454 1492 divinae
1471 1444 1560 1518 pro·

495 1535 700 1633 pitiationis.
720 1540 919 1635 Eapropter
940 1560 1006 1631 ego
1028 1537 1206 1632 Sugerius,
1225 1537 1291 1608 Dei
1307 1535 1478 1634 patientia
1501 1549 1561 1607 ter

419 1729 423 1734 ,
495 1650 590 1725 beati
602 1653 761 1750 Dionysii
780 1666 928 1725 vocatus
941 1652 1064 1745 abbas,
1077 1654 1332 1727 mandatorum
1345 1651 1410 1724 Dei
1424 1675 1561 1751 praeva·

495 1767 640 1860 ricator,
652 1767 699 1841 ad
717 1792 782 1840 cor
798 1769 863 1840 Dei
876 1769 1106 1842 miseratione
1120 1769 1238 1844 redire
1258 1769 1438 1859 festinans,
1458 1765 1560 1839 unde

495 1885 667 1975 venerim,
688 1881 776 1980 quid
794 1884 954 1975 fecerim,
970 1898 1006 1955 et
1022 1909 1094 1982 quo
1113 1885 1164 1958 ire
1184 1883 1348 1977 debeam,
1366 1885 1403 1956 in
1423 1883 1559 1956 timore

496 2014 532 2070 et
544 1999 780 2072 amaritudine
797 2001 923 2071 animae
947 2023 1035 2072 meae
1056 2001 1270 2098 recogitans,
1295 1999 1341 2072 ad
1367 2022 1558 2072 servorum

495 2116 563 2187 Dei
595 2115 744 2188 tutelam
772 2115 947 2187 tremulus
978 2117 1158 2213 confugio,
1185 2132 1220 2189 et
1249 2117 1312 2213 qui
1339 2115 1558 2210 irreligiosus

495 2230 627 2323 existo,
660 2231 870 2327 religionem
899 2255 1027 2304 eorum
1057 2245 1135 2304 toto
1164 2233 1285 2304 animo
1318 2229 1555 2330 amplectens,

494 2346 741 2443 religiosorum
763 2345 928 2442 suffragia
942 2347 1149 2446 suppliciter
1165 2348 1334 2446 imploro,
1346 2362 1383 2420 et
1393 2361 1435 2419 ut
1446 2344 1558 2417 devo-

494 2461 564 2533 tius
588 2478 624 2534 et
649 2460 828 2535 efficacius
851 2460 958 2534 nobis
980 2463 1018 2533 in
1048 2461 1290 2560 spiritualibus
1320 2461 1556 2535 sustentando

495 2576 725 2674 provideant,
751 2577 850 2649 etin
878 2577 1139 2674 temporalibus
1164 2580 1214 2650 eis
1239 2576 1465 2676 providendo
1493 2599 1557 2648 eos

494 2708 691 2765 sustentare
710 2691 924 2765 victualibus
946 2693 1136 2766 confovere
1160 2693 1388 2766 devotissime
1408 2715 1555 2764 accura-

494 2831 587 2881 mus.
610 2813 663 2880 De
689 2808 919 2906 praepositura
942 2807 1119 2905 siquidem
1146 2807 1341 2899 Vilcassini,
1365 2831 1443 2906 quae
1467 2805 1555 2879 olim

494 2938 578 2996 ante
592 2948 659 2995 uos
671 2923 762 2996 adeo
776 2922 945 2997 destituta
956 2940 1046 3014 erat,
1059 2939 1100 2996 ut
1117 2926 1175 2997 vix
1191 2939 1310 3023 posset
1324 2923 1483 3021 quinque
1495 2947 1555 2994 so·

494 3036 586 3112 lidos
598 3037 645 3111 ad
662 3039 882 3112 cotidianum
900 3039 1049 3112 fratrum
1068 3039 1229 3136 generale
1245 3037 1422 3132 sullicere,
1444 3063 1556 3138 quam

493 3153 532 3224 in
559 3155 716 3227 novitate
738 3154 956 3252 praelatiouis
985 3169 1136 3247 nostrae,
1165 3155 1231 3228 Dei
1260 3153 1406 3246 auxilio,
1438 3152 1556 3226 multo

493 3285 652 3367 sumptu,
679 3268 796 3342 valida
828 3270 881 3369 (et
904 3270 1004 3369 quod
1027 3273 1134 3343 etiam
1163 3270 1416 3344 conscientiam
1436 3293 1556 3342 meam

494 3382 645 3483 gravat)
680 3384 826 3458 militari
862 3410 991 3475 manu,
1024 3385 1072 3458 ab
1105 3386 1336 3485 oppressione
1366 3383 1558 3458 advocato-

494 3523 578 3572 rum
596 3515 632 3572 et
655 3500 808 3573 aliorum
840 3501 1110 3573 malefactorum
1138 3525 1218 3572 eam
1246 3501 1475 3592 excussimus,
1503 3517 1553 3588 ct,

493 3615 586 3690 sicut
598 3615 703 3689 nobis
717 3616 874 3707 videtur,
891 3614 1080 3714 dupliciter
1094 3632 1156 3689 aut
1180 3616 1364 3714 tripliciter
1380 3640 1554 3711 atrgrnen-

493 3731 607 3804 tando
644 3734 681 3804 in
722 3730 848 3804 melius
884 3733 1176 3832 composuimus,
1214 3733 1368 3830 generali
1406 3733 1557 3806 fratrum

494 3848 653 3946 quinque
671 3848 807 3921 solidos
826 3847 954 3922 diebus
975 3849 1135 3949 quinque
1157 3850 1194 3920 in
1211 3852 1310 3921 omni
1326 3846 1556 3922 hebdomada

494 3964 721 4062 apponimus,
740 3965 833 4036 utin
851 3963 921 4036 illis
934 3989 1075 4064 semper
1091 3964 1217 4038 decem
1233 3964 1391 4038 babeant
1406 3965 1552 4038 solidos.

494 4079 580 4152 aliis
599 4079 776 4179 siquidem
797 4079 940 4154 duobus
962 4079 1103 4173 dicbus,
1119 4080 1285 4156 videlicet
1311 4083 1406 4155 feriis
1430 4082 1555 4181 quinta

490 4211 531 4287 ¹et
550 4198 718 4298 septima,
737 4197 786 4271 ob
800 4199 1037 4272 reverentiam
1058 4213 1265 4273 nostrarum
1284 4198 1552 4286 memoriarum,

495 4329 623 4388 sancte
655 4313 722 4385 Dei
744 4314 933 4387 Genitricis
948 4329 985 4388 et
1003 4329 1209 4388 sanctorum
1231 4317 1440 4413 Martyrum,
1465 4337 1553 4413 qua·

537 4565 566 4625 l.
580 4567 689 4640 Qum,
704 4559 852 4633 mendose,
866 4557 936 4622 edit.
952 4561 1039 4622 Dubl.
