3742 5667
793 739 962 799 Lamus.
1342 743 1395 799 28l

346 871 543 970 significare
560 871 708 969 dignum
722 872 822 963 duxi,
838 873 875 944 in
889 871 985 944 bona
1007 896 1069 971 spe
1087 887 1122 945 et
1136 871 1232 944 hona
1250 871 1320 945 lide
1332 874 1399 946 Dei

349 988 643 1078 misericordiam,
660 1013 769 1086 quarn
790 1011 976 1085 nunquam
992 988 1027 1058 in
1047 1012 1085 1059 se
1102 987 1327 1087 sperantibus
1337 987 1398 1061 de-

347 1120 467 1201 negat,
495 1119 571 1178 tota
595 1104 712 1177 cordis
734 1104 930 1176 intentione
951 1103 1199 1200 praestolando.
1228 1103 1401 1176 Mirantur

347 1220 524 1318 siquidem
538 1244 664 1293 omnes
677 1220 777 1317 quod
794 1233 909 1307 tanto,
929 1234 1004 1290 tarn
1026 1219 1135 1314 longo
1154 1219 1280 1292 dolore
1302 1221 1402 1292 attri-

349 1349 407 1408 tus
420 1334 687 1433 supervixerim,
705 1334 944 1406 existimantes
956 1332 1027 1405 hoc
1048 1357 1091 1404 ex
1115 1332 1242 1405 divinae
1259 1333 1401 1431 pietatis

348 1449 532 1545 largitione
545 1474 632 1521 rneae
645 1449 808 1548 parvitati
827 1448 1046 1545 impertitum
1061 1472 1149 1539 esse,
1169 1464 1210 1520 ut
1226 1473 1308 1521 cum
1323 1463 1401 1521 tan-

351 1581 427 1636 mm
450 1564 649 1663 poenitendi
673 1565 827 1663 spatium
858 1562 1067 1653 habuerim,
1094 1587 1209 1635 annos
1236 1589 1336 1637 meos
1364 1565 1400 1636 in

349 1680 717 1754 amaritudineanimae
727 1679 1024 1774 meaerecogitem,
1034 1678 1164 1752 etmihi
1177 1681 1398 1777 provideam.

348 1799 389 1866 ln
405 1809 504 1867 tanto
519 1795 651 1867 etenim
667 1796 807 1869 honore
819 1795 969 1894 positus,
981 1794 1114 1892 absque
1127 1794 1265 1868 multis*
1284 1797 1402 1870 vivere

348 1936 423 1983 non
435 1910 550 2009 potui.

399 2032 591 2100 Personam
619 2041 739 2102 autem
762 2040 916 2100 vestram
944 2041 981 2099 et
1006 2051 1166 2126 personae
1189 2028 1402 2126 prosperita-

349 2156 425 2214 tem
437 2158 473 2215 et
485 2144 584 2239 regni
597 2158 728 2216 statum
740 2145 977 2216 DominoDeo
984 2143 1153 2216 attentius
1166 2144 1400 2236 commend03

348 2271 386 2327 et
409 2274 450 2331 ut
472 2258 566 2331 inter
584 2259 702 2332 felices
725 2284 824 2356 reges
847 2283 1020 2331 coronam
1037 2259 1153 2355 gloriar
1173 2274 1311 2331 aeternae
1335 2260 1403 2330 im·

348 2374 629 2447 marcescibilem
653 2377 856 2466 obtineatis,
884 2399 955 2473 qua
977 2399 1122 2473 possum
1145 2399 1250 2472 prece
1276 2374 1403 2447 divinae

347 2490 473 2586 pietati
495 2491 668 2589 supplico.
691 2497 733 2562 ln
749 2490 919 2563 omnibns
938 2515 1037 2580 vero,
1054 2505 1089 2562 et
1106 2491 1200 2562 inter
1217 2491 1352 2576 omnia,
1370 2505 1404 2562 et

350 2618 435 2676 ante
454 2607 589 2699 omnia,
611 2631 679 2706 pro
702 2605 815 2679 nobili
840 2607 986 2679 ecclesia
1016 2605 1111 2712 Beati
1127 2606 1306 2705 Dionysii,
1327 2632 1405 2704 quae

348 2720 503 2792 maxima
516 2722 615 2818 regni
628 2736 664 2794 et
677 2745 819 2794 coronae
833 2735 956 2793 restrae
970 2722 1088 2820 portio
1101 2735 1165 2809 est,
1183 2721 1405 2794 nobilitatem

350 2851 505 2908 vestram
525 2839 692 2909 attentius
717 2839 902 2935 deprecor,
925 2853 965 2908 ut
987 2861 1067 2909 eam
1092 2853 1263 2934 tanquam
1287 2836 1405 2908 bonus

351 2951 517 3024 dominus
531 2968 567 3025 et
579 2954 658 3050 pius
670 2952 815 3025 foveatis
827 2968 861 3024 et
879 2953 1151 3043 manuteneatis,
1173 2968 1209 3025 et
1222 2953 1253 3025 ei
1266 2953 1405 3025 consilii

350 3082 384 3139 et
407 3068 528 3140 auxilii
545 3094 693 3141 manum
718 3068 914 3168 porrigatis.
939 3069 1138 3140 Meminerit
1159 3070 1262 3164 regiae
1283 3070 1405 3167 majes-

352 3186 433 3266 tatis
444 3184 618 3256 celsitudo
630 3185 814 3282 quomodo
821 3185 962 3280 juvenis
975 3183 1021 3256 de
1036 3199 1130 3255 terra
1144 3199 1257 3256 vestra
1271 3186 1402 3273 existis,

350 3299 472 3372 nobile
484 3324 635 3395 regnum
648 3305 864 3371 Francorum
876 3301 912 3370 in
925 3323 1036 3370 manu
1050 3299 1212 3371 Ecclesiae
1226 3301 1291 3371 Dei
1304 3299 1406 3371 dimi-

352 3414 457 3503 sistis,
472 3440 539 3512 per
549 3431 604 3489 tot
614 3415 770 3513 pericula
787 3430 823 3487 et
838 3429 971 3486 mortes
986 3413 1171 3486 ecclesiam
1183 3414 1402 3487 Orientalem

262 3523 265 3531 ’
349 3531 515 3602 visitastis
534 3559 542 3601 :
559 3530 691 3622 videte,
709 3545 851 3630 pensate
874 3553 920 3601 ne
941 3542 1078 3601 tantum
1092 3528 1252 3601 laborem
1266 3532 1406 3602 amitta-

351 3648 416 3738 tis;
430 3647 567 3744 diligite
578 3647 770 3719 Ecclesiam
779 3648 857 3734 Dei,
870 3647 1067 3746 pupilloset
1074 3645 1198 3719 viduas
1207 3646 1403 3740 defendite,
1417 3675 1419 3680 ’
1509 3723 1513 3742 ,

351 3779 390 3836 et
411 3765 461 3836 sic
478 3778 602 3836 contra
626 3788 771 3835 omnem
797 3777 1007 3861 potestatem
1033 3776 1106 3834 tam
1129 3787 1271 3835 aeream
1295 3787 1404 3861 quam

352 3877 586 3970 mundanam,
602 3893 637 3951 et
650 3894 774 3951 contra
786 3879 997 3951 aemulorum
1012 3878 1156 3951 insidias
1168 3903 1260 3976 quos
1272 3878 1407 3949 multos

353 3983 507 4084 habetis,
523 3998 600 4066 Deo
613 3995 816 4086 auxiliante,
839 3997 999 4092 poteritis
1020 3975 1192 4067 re'sisrere.
1220 3999 1296 4066 Hoc
1310 3995 1405 4066 enim

355 4123 408 4180 est
428 4133 551 4180 meum
573 4110 771 4181 consilium.

405 4228 504 4296 Hanc
525 4225 730 4325 epistolam,
755 4226 839 4323 quia
859 4249 1010 4297 menon
1036 4226 1196 4324 potestis,
1221 4223 1407 4300 vobiscum

396 4477 426 4537 l.
444 4477 564 4536 Delictr's
579 4474 717 4550 adjiciunt
731 4475 878 4536 Benedict.
