3742 5667
453 873 490 927 ra
664 864 826 925 munaus
850 846 1139 923 consummor
1160 866 1295 925 suoru.

453 1017 555 1075 terrae
585 1001 816 1072 Sanctorum¹
842 1012 1092 1071 constructum
1114 998 1160 1071 ad
1185 1000 1374 1073 tuitionem
1395 1001 1470 1098 ejus
1493 1023 1513 1069 a

453 1115 647 1215 venerabili
663 1116 783 1211 regina
801 1116 1008 1188 Constantia
1030 1132 1185 1188 castrum
1207 1141 1281 1186 uon
1306 1114 1514 1213 abantiquo

376 1284 379 1289 -
454 1232 587 1322 fuerat,
602 1230 789 1329 quomodo
800 1231 908 1301 etiam
919 1244 1015 1328 post,
1031 1244 1149 1301 totum
1165 1230 1247 1323 sibi,
1266 1229 1353 1302 nihil
1368 1231 1441 1327 regi
1457 1255 1515 1301 re-

455 1346 594 1444 liquum
623 1360 752 1443 praeter
782 1346 928 1442 injurias
960 1344 1110 1437 lecerat,
1143 1346 1269 1437 modo,
1293 1346 1322 1417 si
1345 1346 1512 1444 placeret,

454 1464 538 1559 quia
563 1461 809 1552 carnotensis,
845 1460 1038 1551 Blesensis,
1072 1476 1107 1533 et
1137 1461 1315 1534 Dunensis
1342 1460 1515 1532 exercitus

455 1579 572 1678 copia,
593 1603 662 1676 qua
687 1577 795 1649 fretus
821 1577 985 1649 resistere
1013 1589 1259 1667 consueverat,
1293 1600 1367 1648 non
1397 1576 1514 1647 solum

456 1692 636 1784 deiiceret,
656 1692 718 1764 sed
735 1706 770 1764 et
787 1692 817 1764 ei
835 1691 1020 1785 officeret,
1038 1694 1145 1765 castri
1156 1692 1386 1765 subversione
1396 1706 1431 1763 et
1444 1694 1515 1764 llu-

456 1809 557 1903 gouis
573 1805 854 1880 exhaeredatione
872 1822 908 1880 et
929 1823 1093 1905 paternas
1111 1823 1147 1881 et
1167 1834 1247 1905 suas
1270 1808 1394 1879 ulcisci
1416 1806 1517 1879 facile

458 1928 592 2024 posset'
611 1923 768 2020 injurias.
793 1923 902 2010 Quod
924 1924 955 1995 si
980 1948 1046 1995 nec
1066 1950 1147 1996 suas
1166 1950 1231 1997 nec
1250 1924 1341 1995 bene
1370 1924 1516 1997 merito-

457 2062 540 2110 rum
560 2040 687 2136 punire
700 2037 805 2109 vellet
823 2038 983 2136 injurias,
1004 2038 1232 2112 ecclesiarum
1256 2041 1515 2138 oppressioneS,

456 2178 654 2251 pauperum
684 2154 976 2252 depredationes,
1008 2154 1199 2227 viduarum
1231 2171 1267 2226 et
1294 2154 1518 2255 pupillorum

457 2269 685 2369 impiissimas
712 2270 928 2361 vexationes,
956 2270 1087 2368 quibus
1103 2286 1138 2344 et
1157 2286 1290 2343 terram
1304 2276 1519 2343 Sanctorum

457 2401 494 2458 et
507 2402 605 2458 terrae
614 2385 752 2458 accolas
763 2385 993 2484 dilapidabat,
1008 2402 1069 2459 aut
1084 2412 1164 2459 suas
1181 2386 1310 2460 faceret
1321 2392 1386 2459 'aut
1400 2412 1520 2459 remo-

458 2516 569 2573 veret.
589 2506 680 2572 Cum
693 2502 800 2597 igitur
812 2488 946 2574 talibus
961 2518 997 2577 et
1020 2502 1183 2602 pluribus
1205 2502 1364 2601 pulsatus
1383 2528 1445 2575 rex
1463 2503 1521 2575 his

457 2615 685 2688 consulendis
708 2616 805 2689 diem
833 2618 1001 2709 dedisset,
1034 2619 1248 2690 Milidunum
1269 2620 1515 2693 convenimus.

459 2731 527 2803 Ubi
549 2732 654 2805 multi
673 2733 942 2832 archiepiscopi,
966 2736 1136 2834 episcopi,
1158 2735 1277 2807 clerici
1295 2750 1332 2806 et
1351 2736 1520 2807 monachi

458 2848 693 2938 confluentes,
713 2849 794 2945 quia
807 2874 933 2921 coriam
951 2866 1063 2937 terras
1085 2851 1172 2949 lupo
1187 2850 1350 2949 rapacior
1369 2851 1521 2923 devora-

460 2961 536 3054 bat,
555 2962 788 3054 clamabant'3
809 2964 964 3062 pedibus
984 2964 1072 3064 ejuS,
1095 2967 1202 3038 etiam
1220 2964 1388 3052 uolentis,
1414 2990 1521 3037 accu-

461 3077 609 3171 babant,
628 3062 667 3151 ut
685 3081 954 3178 rapacissimum
978 3081 1184 3180 predonem
1205 3086 1393 3177 Hugouern
1417 3106 1519 3153 com-

461 3210 642 3293 pesceret,
679 3196 888 3293 praebendas
924 3222 1020 3288 suas,
1050 3198 1294 3270 munificentia
1329 3221 1453 3293 regum
1483 3198 1520 3267 iu

463 3310 571 3401 belsa,
589 3336 668 3407 quae
685 3310 783 3383 ferax
799 3327 852 3384 est
866 3310 1295 3403 frumenti,servitoribus
1315 3313 1377 3383 Dei
1393 3312 1523 3385 consti-

462 3438 568 3516 tutas,
593 3426 639 3497 de
665 3427 765 3498 sance
785 3427 950 3500 draconis
975 3428 1118 3527 eripiat;
1149 3443 1259 3500 terras
1277 3425 1519 3518 sacerdotum,

460 3566 534 3614 nou
558 3542 762 3615 minus‘sub
782 3544 911 3616 saevitia
933 3543 1127 3615 Pharaonis
1148 3542 1241 3614 solas
1266 3542 1519 3642 emancipatas,

460 3658 684 3756 emancipare
695 3674 828 3754 satagat
838 3688 848 3749 3
857 3673 994 3758 partem
1007 3660 1085 3749 Dei,
1095 3660 1196 3755 cujus
1208 3658 1254 3730 ad
1269 3654 1521 3730 vivificandum

460 3788 580 3870 portat
600 3799 660 3846 rex
683 3774 887 3869 imaginem,
907 3776 1059 3846 vicarius
1082 3775 1157 3873 ejus
1178 3774 1327 3847 liberam
1344 3776 1518 3863 restituat,

460 3890 668 3989 suppliciter
695 3891 902 3990 implorant.
939 3892 1099 3977 Quorum
1137 3916 1240 3989 prece
1271 3890 1367 3964 bono
1398 3892 1519 3963 animo

500 4126 531 4182 l.
550 4124 584 4180 ld
601 4134 655 4193 est,
669 4120 745 4182 inter
758 4120 886 4180 dominia
903 4120 1025 4180 abbatias
1042 4121 1138 4181 Sancti
1152 4121 1282 4199 Dionysii
1300 4120 1331 4181 in
1344 4080 1436 4181 Belsia
1453 4124 1519 4197 sita,

459 4234 523 4295 quae
535 4215 673 4297 sugerius
686 4213 715 4273 in
732 4213 807 4275 libro
820 4220 866 4305 Ile
879 4215 960 4273 rebus
974 4222 1004 4273 r'rr
1016 4218 1264 4273 administratione
1278 4221 1331 4273 sud
1343 4224 1429 4294 gestis
1444 4236 1520 4276 enu-

508 4320 564 4370 rat.

459 4328 531 4464 ωθῖ.
549 4407 653 4464 Ulcisci
663 4414 777 4478 poterat
785 4399 876 4474 facile
884 4416 989 4478 posset,
1004 4403 1151 4476 mendose,
1166 4406 1232 4464 135.
1241 4436 1282 4448 -
1293 4406 1399 4463 Ulcr'rcr'
1404 4418 1519 4479 poterat

460 4496 549 4573 facile
561 4496 608 4554 ed.
625 4497 723 4554 Germ.
741 4528 779 4539 -
796 4500 1008 4571 Ulciscr'posret
1026 4498 1114 4573 facile
1128 4495 1196 4557 edd.
1212 4495 1320 4560 Chesn.
1339 4507 1368 4555 et
1381 4498 1489 4557 Bened.

501 4592 529 4650 3.
544 4588 588 4647 Cl.
603 4586 653 4645 lib.
670 4588 782 4665 Sugarii
795 4590 832 4647 de
843 4586 1090 4649 administratione
1104 4593 1166 4666 sut,
1181 4608 1246 4668 cap.
1263 4608 1318 4649 ιιι.
