3742 5667
489 835 547 892 390
707 831 874 894 OEUVRES
893 828 1107 889 ennemase
1127 831 1178 886 DE
1197 828 1332 888 SUGER.

488 979 522 1038 et
535 963 769 1038 ambitionem
784 987 963 1062 perversa,
983 974 1024 1033 ut
1040 961 1090 1034 ait
1099 963 1253 1051 Stoicus,
1267 960 1369 1059 sequi
1382 963 1454 1054 via,
1473 963 1546 1036 mi·

488 1105 555 1154 nus
567 1080 808 1153 arbitrabatur
821 1079 1025 1152 honestum.

537 1199 622 1269 Post
643 1197 800 1294 quietem
824 1191 1090 1292 expergefactus
1112 1215 1255 1285 somno,
1265 1208 1456 1291 postquam
1486 1218 1548 1267 so-

486 1313 596 1386 lemni
617 1335 721 1384 more
739 1311 996 1383 Matutinorum
1011 1307 1221 1381 celebrasset
1238 1307 1413 1401 officium,
1427 1311 1547 1408 prima

486 1428 618 1502 cotidie
641 1427 722 1499 luce
744 1425 791 1498 ad
814 1423 1000 1498 ecclesiam
1027 1422 1228 1496 festinabat.
1249 1422 1333 1514 Ubi,
1352 1441 1545 1523 antequam

487 1541 671 1616 accederet
683 1540 730 1613 ad
745 1540 867 1630 altare,
883 1564 985 1614 secus
1000 1538 1191 1639 sepulchra
1203 1542 1402 1636 Martyrum
1413 1565 1546 1640 provo·

487 1659 584 1730 lutus
604 1655 800 1746 humiliter,
823 1658 901 1729 Deo
929 1679 967 1727 se
995 1668 1112 1726 totum
1128 1655 1166 1727 in
1181 1653 1349 1754 precibus
1366 1670 1542 1745 mactans,

487 1773 646 1871 subjecta
665 1771 868 1870 pavimenta
893 1769 1058 1868 lacrymis
1073 1769 1326 1860 humectabat3
1347 1771 1470 1868 sicque
1488 1795 1544 1842 sa·

487 1887 613 1960 cerdos
640 1885 853 1959 venerabilis
876 1900 952 1957 tam
967 1885 1097 1958 devote
1119 1908 1229 1982 quam
1247 1884 1436 1959 celebriter
1450 1885 1544 1958 salu·

488 2013 579 2078 lares
594 2002 780 2078 oblaturus
795 2002 930 2074 hostias
943 1999 1175 2101 procedebat.
1193 2005 1290 2074 llora
1305 2025 1391 2094 vero
1399 2002 1546 2074 sanctis·

488 2121 568 2193 simi
596 2117 769 2212 sacrificii,
796 2119 875 2216 quis
899 2116 1007 2214 digne
1032 2117 1162 2190 referat
1182 2141 1254 2215 qna
1269 2117 1546 2216 compunctione

488 2235 669 2326 succendi,
681 2259 751 2332 qua
758 2233 919 2307 ubertate
934 2232 1111 2333 lacrymas,
1120 2233 1178 2305 vel
1190 2231 1354 2330 gemitus,
1367 2248 1408 2304 ut
1422 2257 1543 2306 reuera

489 2367 698 2452 presentem
712 2349 849 2423 babens
862 2352 988 2441 Deum,
1007 2349 1227 2449 profundere
1235 2349 1487 2422 consueverit?
1501 2354 1546 2423 tt

487 2491 575 2541 vero
592 2469 629 2540 in
646 2467 834 2539 Nativitate
859 2465 1066 2557 Salvatoris,
1095 2464 1151 2537 vel
1177 2465 1462 2560 llcsurrectionc,
1482 2490 1546 2539 seu

489 2584 614 2658 ceteris
635 2583 821 2683 praecipuis
841 2580 1155 2673 sollemnitatibus,
1175 2581 1308 2652 mirum
1330 2581 1367 2652 in
1394 2580 1548 2654 modum

489 2716 564 2773 erat
576 2714 613 2773 et
629 2698 759 2773 devote
771 2698 1094 2772 sestivusetfestive
1108 2697 1260 2770 devotus
1277 2724 1286 2770 ε
1306 2697 1452 2770 festivus
1468 2723 1546 2791 ore,

489 2813 640 2887 devotus
658 2815 782 2904 corde,
806 2814 897 2887 adeo
921 2828 964 2886 ut
991 2812 1133 2885 nullum
1150 2813 1295 2913 penitus
1310 2813 1420 2886 seculi
1436 2837 1549 2911 nego·

490 2932 582 3021 tium
595 2929 643 3004 ad
658 2955 696 3003 se
711 2929 850 3026 ingredi
862 2929 1099 3028 permitteret,
1110 2952 1358 3027 nequercrum
1377 2929 1546 3021 tristium,

490 3062 665 3143 quantum
687 3046 724 3118 in
746 3047 823 3146 ipso
851 3062 940 3138 erat,
963 3046 1185 3117 mentionem
1212 3043 1436 3136 admitteret3
1454 3069 1549 3117 asse·

490 3185 573 3234 rens
597 3159 730 3233 debere
756 3161 876 3233 laetum
895 3160 1036 3232 transiri
1048 3158 1158 3250 diem,
1173 3173 1210 3231 et
1231 3159 1269 3230 in
1297 3159 1364 3231 Dei
1380 3158 1550 3232 laudibus

491 3290 609 3349 totum
617 3274 780 3374 expendi.
798 3280 837 3347 ln
848 3273 1122 3373 quibusscilicet
1139 3273 1265 3346 diebus
1280 3275 1310 3346 si
1326 3273 1487 3372 quando,
1508 3290 1549 3346 ut

491 3392 639 3483 assolet,
665 3416 737 3462 nox
758 3392 1010 3490 superveniens
1032 3390 1135 3463 illurn
1154 3389 1361 3491 vespertinis
1383 3390 1550 3465 laudibus

492 3506 725 3580 celeberrime
745 3507 966 3579 insistentem
980 3504 1284 3606 deprehendisset,
1298 3504 1442 3579 dicebat
1457 3507 1550 3581 nibil

492 3623 627 3695 referre
651 3636 775 3695 utrum
794 3621 871 3695 laus
893 3621 1015 3696 divina
1041 3637 1149 3695 nocte
1174 3638 1486 3695 consummaretur
1501 3649 1549 3696 an

493 3739 565 3830 die,
586 3737 675 3810 dum
701 3737 796 3810 illius
823 3753 913 3812 esset
939 3763 1027 3830 nox,
1046 3739 1149 3835 cujus
1170 3753 1206 3810 et
1226 3737 1326 3811 dies:
1346 3753 1488 3812 tantum
1503 3765 1551 3813 ne

492 3869 620 3954 praeter
634 3877 774 3927 morem
788 3853 976 3928 celebritas
989 3854 1171 3927 videretur
1180 3852 1351 3926 minorari
1366 3854 1404 3925 in
1413 3852 1548 3952 aliquo.

493 3970 575 4059 llic,
595 3971 687 4042 sicut
704 3971 878 4069 scriptum
890 3969 1038 4066 legerat,
1048 3987 1144 4044 stare
1152 3971 1239 4068 fecit
1250 3983 1413 4040 cantores
1424 3985 1551 4041 contra

493 4085 624 4178 altare,
644 4100 679 4158 et
696 4087 734 4157 iu
762 4111 849 4158 sono
869 4111 993 4158 corum
1009 4084 1130 4158 dulces
1151 4087 1241 4184 fecit
1254 4081 1387 4176 modus,
1405 4101 1444 4156 et
1456 4082 1553 4157 dedit

495 4204 532 4273 iu
549 4199 839 4274 celebrationibus
855 4201 973 4295 decus,
993 4219 1029 4275 et
1054 4202 1196 4275 ornavit
1208 4217 1366 4300 tempora
1379 4227 1488 4300 usquc
1503 4199 1557 4273 ad

493 4320 828 4390 eonsummattbrwm
848 4321 951 4393 vitte'.

536 4578 565 4634 l.
579 4574 683 4650 Eecli.,
694 4595 785 4649 xnvrr,
797 4581 847 4649 ll,
864 4579 914 4636 ta.
