3742 5667
634 846 696 901 VlE
717 847 766 903 DE
786 848 896 906 Lottts
915 850 962 906 LE
983 850 1089 913 altos,
1348 860 1383 919 tt

320 975 521 1047 samolum
542 974 783 1075 depopulans,
819 981 950 1079 rapinis
973 996 1009 1055 ct
1035 983 1206 1057 incendiis
1231 1010 1386 1085 expone-

321 1088 398 1161 bat.
419 1090 558 1163 Nobilis
582 1116 670 1165 vero
682 1095 863 1167 comitissa
878 1122 962 1169 cum
977 1097 1052 1171 filio
1065 1098 1273 1197 aliquando,
1306 1104 1388 1177 licet

320 1204 428 1277 tarde
436 1222 474 1279 et
484 1207 752 1299 insufficienter,
763 1227 873 1307 prout
888 1229 1041 1311 poterat,
1052 1214 1172 1288 ulcisci
1184 1216 1385 1292 nitebatur:

320 1346 511 1421 nunquam
537 1338 658 1396 tamen
678 1340 741 1399 aut
764 1325 822 1398 vix
847 1329 996 1401 Puteolo
1018 1354 1039 1401 a
1065 1332 1278 1407 milliaribus
1304 1352 1409 1435 octo,

320 1463 384 1510 seu
398 1438 527 1511 decem
541 1441 890 1539 appropinquabant.
915 1446 1024 1519 Tanta
1043 1463 1118 1521 erat
1142 1452 1300 1546 Hugonis
1322 1478 1386 1524 au·

320 1554 439 1639 dacia,
457 1570 555 1627 tanta
573 1556 792 1655 potestativae
809 1559 983 1657 superbiae
999 1562 1210 1661 suppetebat
1223 1566 1386 1660 facultas,

321 1685 363 1741 ut
376 1673 477 1743 cum¹
493 1671 598 1769 pauci
615 1671 817 1769 diligerent,
840 1675 945 1747 multi
964 1678 1157 1771 servirent;
1179 1706 1263 1753 cum
1282 1682 1387 1757 multi

321 1783 369 1858 ad
382 1785 645 1881 defensionem,
662 1790 893 1888 quamplures
909 1792 975 1890 ipsi
988 1794 1094 1865 etiarn
1113 1794 1159 1867 ad
1175 1795 1388 1871 destructio-

323 1927 410 1975 nem
425 1904 648 1977 anhelarent.
665 1906 774 2001 Magis
792 1908 890 1979 enim
909 1907 1103 1981 timebatur
1121 1934 1230 2007 quam
1247 1912 1390 1985 amaba-

322 2034 396 2093 tur.
417 2024 509 2093 Cum
531 2034 653 2093 autem
682 2045 804 2094 comes
832 2022 997 2119 praelatus
1019 2024 1244 2099 Theobaldus
1269 2051 1389 2127 perse

322 2160 469 2234 parum,
500 2161 565 2236 per
594 2161 715 2232 regem
745 2139 902 2210 multum
928 2139 1104 2237 proficere
1132 2143 1169 2214 in
1201 2148 1389 2239 Hugonem

323 2253 577 2351 perpenderet,
613 2278 698 2326 cum
719 2254 941 2327 nobilissima
971 2273 1104 2349 matre,
1139 2283 1218 2356 quae
1250 2284 1390 2358 semper

324 2369 497 2441 nobiliter
512 2370 586 2466 regi
611 2371 744 2443 servire
763 2389 1008 2466 consueverat,
1030 2373 1076 2446 ad
1098 2398 1183 2447 cum
1202 2374 1386 2469 accelerat,

327 2501 366 2559 nt
384 2484 583 2585 opituletur
600 2485 723 2559 multis
748 2486 916 2585 precibus
942 2488 1075 2586 pulsat,
1105 2490 1220 2563 multo
1243 2490 1387 2563 servitio

326 2600 401 2695 ejus
429 2624 540 2698 opem
570 2601 743 2673 meruisse
765 2615 1007 2699 repraesentat.
1030 2603 1191 2697 Hugonis
1208 2603 1386 2700 quadam,

323 2716 449 2813 patris,
471 2716 544 2806 avi,
562 2731 597 2788 et
614 2732 803 2789 atavorum
828 2717 1026 2816 opprobria
1048 2722 1249 2816 reportat¹:
1273 2750 1290 2786 (ι
1311 2722 1388 2791 Me-

328 2862 346 2899 «
364 2856 522 2919 morare,
549 2831 727 2930 inquiens,
749 2831 895 2905 domine
917 2858 994 2922 rex,
1018 2833 1110 2905 sicut
1134 2834 1238 2907 decet
1254 2835 1388 2929 regiam
1439 2913 1446 2926 ,

329 2981 346 3015 a
364 2948 600 3045 majestatem,
619 2949 805 3049 opprobrii
824 2965 857 3022 et
870 2950 1068 3038 dedecoris,
1096 2949 1195 3048 quod
1211 2975 1298 3023 avus
1313 2956 1388 3024 Hu-

330 3097 347 3131 «
366 3068 470 3163 gonis
482 3067 575 3165 patri
595 3081 659 3138 tuo
676 3066 843 3165 Philippo
858 3066 971 3138 loedus
986 3067 1144 3165 perjurio
1159 3066 1290 3160 intulit,
1305 3093 1389 3139 cum

330 3212 349 3249 u
363 3206 461 3271 eum,
493 3182 625 3255 multas
656 3180 771 3255 illatas
800 3182 946 3277 injurias
970 3183 1092 3254 ulcisci
1120 3182 1345 3273 innitentem,
1369 3208 1389 3255 a

331 3329 348 3362 a
368 3298 520 3371 Puteolo
533 3299 684 3396 turpiter
696 3297 859 3396 repulit⁸,
885 3297 976 3371 fastu
1001 3298 1225 3395 nequissimae
1241 3322 1391 3369 consau-

332 3446 350 3481 α
363 3413 558 3511 guinitatis,
588 3413 755 3487 sactiosae‘
784 3415 1070 3513 conspirationis,
1101 3414 1292 3486 exercitum
1314 3414 1390 3511 ejus

333 3562 352 3599 e
367 3555 481 3629 usque
498 3531 726 3603 Aurelianum
745 3531 890 3626 fugavit,
908 3545 1053 3629 captum
1076 3530 1246 3602 comitem
1265 3530 1389 3601 Niver-

333 3678 351 3713 «ι
369 3671 531 3737 oensem,
544 3646 775 3718 lancelinum
785 3646 1151 3741 Bangenciacensem⁸,
1161 3644 1291 3717 milites
1298 3670 1390 3744 pene

335 3792 353 3827 a
369 3777 529 3851 centum,
541 3776 576 3833 ct
585 3759 684 3857 quod
699 3759 872 3833 hactenus
887 3760 1089 3832 inauditum
1107 3776 1195 3851 erat,
1206 3760 1391 3858 episcopos

336 3909 353 3945 α
370 3875 548 3975 quosdam
564 3901 705 3949 carcere
721 3901 786 3948 suo
799 3875 1058 3949 dehonestavit.
1077 3906 1094 3942 u
1108 3875 1270 3947 Addebat
1283 3876 1391 3949 etiam

332 3992 612 4093 improperando
646 4018 717 4090 qua
746 4016 869 4084 causa,
904 4017 974 4088 qua
1006 3992 1163 4086 origine,
1201 3991 1236 4063 in
1270 3990 1391 4065 medio

373 4202 402 4257 l.
418 4204 491 4257 num
504 4199 604 4257 tatto
618 4216 651 4254 ac
664 4196 732 4255 edd.
746 4229 787 4241 -
802 4199 833 4255 2.
849 4199 884 4254 V.
896 4196 988 4267 lnlrl,
1002 4193 1032 4253 in
1047 4193 1199 4253 Observat.

373 4296 402 4351 3.
416 4296 504 4350 Anno
519 4292 609 4348 tota.
628 4292 711 4347 -1,
730 4293 865 4347 Factt‘one
881 4292 990 4347 tarta.

373 4389 403 4443 ὅ.
417 4389 704 4461 Baugr'enciacensem
725 4385 795 4442 tta.
811 4416 851 4426 -
865 4380 902 4439 ui
918 4393 986 4440 sunt
1002 4380 1172 4440 Guillelmus
1189 4383 1215 4452 t,
1228 4398 1324 4439 comes
1337 4378 1395 4439 Ni-

334 4474 491 4551 remensis,
511 4488 541 4535 et
554 4474 725 4537 bencelinus
740 4477 780 4549 ll,
797 4474 930 4535 dominns
944 4474 1143 4552 baugenciaci,
1159 4472 1188 4533 in
1202 4494 1278 4554 pago
1296 4478 1394 4533 Aure·

334 4572 465 4632 lianensi.
