3742 5667
611 775 672 831 vta
691 776 742 831 DE
761 773 873 832 Lotus
892 775 941 833 LE
960 774 1069 833 GROS.
1311 778 1369 834 lta

305 900 471 995 abbates,
488 921 525 978 et
531 905 666 977 multos
674 903 837 978 Ecclesiae
845 906 1066 996 sacerdotes;
1083 906 1220 1002 quaerit,
1236 906 1369 1003 rejecto

303 1016 448 1116 pudore
456 1022 573 1110 omni,
588 1021 637 1095 ob
649 1022 887 1095 reverentiam
898 1022 1101 1095 Divinitatis
1114 1036 1150 1094 et
1163 1037 1368 1095 sanctorum

304 1134 540 1230 Angelorum,
567 1163 689 1211 coram
712 1138 941 1211 devotissime
972 1136 1137 1211 confiteri
1161 1152 1196 1209 et
1218 1140 1367 1211 securis·

304 1249 398 1322 simo
424 1253 607 1325 Dominici
630 1255 790 1351 corporis
816 1269 853 1326 et
877 1254 1056 1349 sanguinis
1078 1253 1208 1326 viatico
1234 1254 1370 1326 exitum

304 1392 412 1439 suum
434 1371 582 1444 muniri.
602 1373 764 1468 Cumque
787 1370 945 1470 idipsum
977 1394 1172 1469 preparare
1185 1370 1367 1463 festinant,

304 1508 365 1557 rex
378 1485 458 1584 ipse
474 1488 658 1584 inopinate
674 1512 711 1559 se
725 1488 847 1560 levans
863 1502 898 1560 et
916 1511 1130 1586 praeparans,
1151 1488 1297 1561 vestitus
1313 1512 1370 1560 ca-

304 1622 458 1694 meram,
481 1604 619 1677 cunctis
643 1604 917 1695 admirantibus,
950 1604 1094 1677 obviam
1120 1606 1264 1703 corpori
1287 1609 1367 1677 lesu

304 1716 438 1791 Christi
448 1722 534 1811 exit,
546 1722 796 1794 devotissimus
805 1722 948 1794 assistit.
963 1721 1045 1813 Ubi,
1061 1721 1265 1795 videntibus
1279 1746 1367 1795 cun-

304 1834 370 1905 ctis
393 1850 471 1907 tam
499 1835 636 1909 clericis
660 1861 768 1934 quam
794 1836 904 1928 laicis,
928 1860 1050 1933 regem
1065 1861 1196 1909 exuens
1219 1862 1369 1933 regnum

305 1947 469 2047 deponit,
491 1951 677 2049 peccando
699 1976 849 2048 regnum
870 1951 1136 2025 administrasse
1161 1952 1365 2045 confitetur,

305 2064 421 2138 filium
446 2092 555 2140 suum
581 2068 804 2142 Ludovicum
834 2068 968 2141 annulo
994 2069 1149 2161 investit,
1181 2069 1367 2143 ecclesiam

305 2182 383 2272 Dei,
410 2208 585 2284 pauperes
607 2201 642 2257 et
658 2184 841 2284 orphanos
856 2185 963 2277 tueri,
978 2185 1037 2282 jus
1053 2210 1160 2257 suum
1175 2186 1366 2283 unicuique

305 2299 499 2391 custodire,
527 2302 709 2373 neminem
726 2302 762 2372 in
787 2300 885 2373 curia
908 2325 972 2372 sua
989 2325 1129 2399 capere,
1144 2302 1173 2373 si
1188 2326 1263 2373 non
1277 2326 1365 2399 prae·

306 2415 498 2488 sentialiter
513 2416 651 2489 ibidem
667 2416 862 2515 delinquat,
882 2414 955 2489 lide
983 2416 1132 2513 obligat.
1162 2415 1231 2491 Ubi
1258 2418 1364 2489 etiam

306 2556 433 2604 aurum
451 2547 489 2605 et
511 2548 699 2629 argentum
726 2550 762 2607 et
785 2558 869 2606 vasa
882 2532 1175 2632 concupiscibilia
1198 2548 1233 2605 et
1260 2533 1366 2631 pallia

307 2661 341 2718 et
355 2645 515 2745 palliatas
529 2649 710 2737 culcitras,
730 2663 766 2719 et
781 2672 889 2720 omne
904 2646 1040 2721 mobile
1054 2647 1153 2745 quod
1163 2648 1367 2746 possidebat

306 2778 341 2836 et
355 2790 428 2861 quo
446 2765 479 2837 ei
496 2765 732 2856 serviebatur,
751 2764 907 2837 ecclesiis
920 2779 956 2836 et
969 2764 1186 2863 pauperibus
1196 2780 1232 2837 et
1248 2766 1366 2861 egenis

307 2906 373 2981 pro
400 2905 526 2954 amore
548 2882 615 2954 Dei
631 2880 864 2968 distribuens,
881 2906 948 2953 nec
964 2879 1204 2953 chlamidibus
1229 2904 1297 2953 nec
1312 2905 1366 2954 re·

309 2998 370 3095 giis
396 2996 616 3069 indumentis
637 2996 815 3094 usquead
835 2997 1018 3069 camisiam
1043 2998 1214 3095 pepercit.
1238 2998 1365 3097 Capel-

308 3114 376 3186 lam
396 3128 518 3187 autem
538 3138 641 3186 suam
668 3113 873 3212 pretiosam,
905 3128 1042 3185 textum
1069 3112 1365 3210 pretiosissimum

309 3255 392 3302 auro
407 3244 443 3302 et
456 3232 620 3327 gemmis,
640 3228 868 3301 thuribulum
884 3254 1032 3301 aureum
1050 3229 1286 3326 quadraginta
1302 3254 1365 3300 un·

310 3346 456 3435 ciarum
480 3343 692 3417 candelabra
712 3359 858 3416 centum
875 3346 1053 3439 sexaginta
1069 3346 1147 3417 auri
1160 3344 1361 3431 unciarum,

310 3459 453 3533 salicem
470 3485 558 3532 auro
592 3477 628 3533 et
653 3461 916 3559 pretiosissimis
945 3462 1096 3557 gemmis
1127 3460 1363 3549 carissimum,

311 3599 433 3677 cappas
453 3576 501 3649 de
525 3575 631 3676 pallio
655 3577 830 3674 pretiosas
849 3576 988 3669 decem,
1007 3575 1300 3674 pretiosissimum
1314 3574 1365 3668 ja·

311 3693 478 3788 cyathum
488 3695 615 3767 atavae¹
628 3692 720 3788 regis
732 3693 979 3766 Ruthenorum
993 3692 1088 3784 filiae,
1112 3690 1225 3789 quod'
1241 3689 1286 3761 de
1301 3713 1365 3760 sua

312 3808 345 3879 in
368 3834 476 3881 manu
495 3822 616 3881 nostra
641 3806 816 3900 reddens,
838 3823 880 3881 ut
903 3831 1045 3881 coronae
1068 3809 1196 3907 spineae
1217 3804 1366 3878 Domini

312 3923 512 4019 infigeretur
524 3924 704 4023 praecepit,
722 3924 852 3996 sanctis
866 3922 1080 4021 Martyribus
1092 3948 1158 4023 per
1175 3948 1241 3995 nos
1256 3920 1366 3993 desti·

312 4042 416 4132 navit,
433 4054 469 4113 et
490 4042 519 4112 si
533 4065 763 4137 quocumque
778 4038 889 4112 modo
911 4038 1080 4137 subsequi
1100 4053 1232 4135 posset,
1256 4037 1365 4110 devo-

351 4329 377 4385 l.
392 4328 437 4385 lta
453 4326 541 4386 codd.
563 4345 663 4385 omnes
680 4344 714 4385 ac
731 4323 803 4385 edit.
819 4323 967 4385 benedict.
989 4356 1030 4372 ·-
1050 4330 1150 4383 Ataaa
1172 4323 1243 4384 edit.
1262 4285 1361 4385 Germ.

315 4422 444 4479 -Aanar
454 4420 526 4482 edit.
540 4419 646 4482 Cliesn.

352 4518 380 4578 2.
394 4518 484 4589 Quod,
499 4534 660 4594 proquam,
676 4532 776 4574 omnes
789 4512 904 4574 codices
916 4525 946 4575 et
956 4510 1109 4573 editiones.
