3742 5667
490 805 549 862 aec
707 805 871 864 mutuas
889 789 1103 863 commrrs
1123 803 1175 860 oa
1194 771 1354 864 suctu.⁸

487 937 605 1010 viduae
624 935 915 1033 ingrediebantur
937 933 985 1008 ad
1003 935 1199 1035 principem
1218 961 1227 1006 ι
1246 950 1282 1007 et
1300 935 1442 1034 probis
1459 937 1546 1034 qui·

487 1054 572 1126 dem
583 1076 722 1152 semper
737 1050 1011 1144 interveniebat,
1025 1048 1220 1149 aliquando
1239 1075 1322 1124 vero
1334 1049 1550 1152 imperabat.

486 1169 575 1257 Quis
599 1191 761 1265 unquam
790 1190 981 1267 oppressus
1011 1179 1047 1238 et
1072 1166 1241 1264 injuriam
1269 1169 1450 1240 sustinens
1473 1191 1550 1240 non

485 1283 584 1356 bunc
599 1298 793 1382 patronum
806 1282 952 1373 habuit,
971 1281 1001 1354 si
1019 1279 1130 1354 modo
1151 1282 1302 1356 honesta
1327 1281 1422 1356 illius
1441 1307 1550 1358 causa

485 1399 623 1472 extitit?
637 1401 800 1498 Cumque
813 1397 860 1470 ab
876 1423 920 1471 eo
930 1398 1013 1496 jura
1026 1395 1261 1492 dictarentur,
1272 1397 1375 1470 nullo
1387 1423 1548 1498 unquam

484 1516 600 1614 pretio
622 1513 811 1588 declinavit
839 1538 860 1586 a
881 1528 994 1604 recto,
1016 1511 1150 1586 nullius
1174 1537 1368 1613 personam
1393 1516 1549 1616 respexit

484 1630 701 1727 injudicio,
725 1655 792 1703 nec
819 1628 944 1703 dilexit
968 1651 1133 1720 munera,
1160 1653 1228 1702 nec
1251 1646 1394 1704 secutus
1412 1645 1466 1704 est
1486 1657 1546 1706 re·

485 1744 710 1818 tributiones.
747 1745 836 1834 Quis
878 1744 987 1817 talem
1020 1745 1057 1816 in
1100 1744 1162 1817 illo
1199 1769 1274 1817 non
1307 1745 1546 1820 ammiretur¹

484 1861 660 1951 animum,
677 1859 934 1962 cupiditatibus
960 1861 1148 1948 intactum,
1175 1861 1213 1932 in
1238 1860 1355 1934 media
1378 1859 1547 1935 felicitate

483 1975 673 2069 humilem,
689 1977 727 2049 in
750 1975 861 2049 seculi
881 1974 1152 2075 tempestatibus
1167 1975 1364 2075 placidum,
1380 1977 1547 2078 periculis

485 2091 797 2165 interritumillrat
812 2091 937 2188 utique
953 2091 1070 2190 major
1085 2115 1194 2190 quarn
1218 2107 1257 2165 ut
1271 2093 1332 2166 tali
1349 2095 1543 2167 convenire

483 2206 700 2306 corpusculo
717 2206 937 2280 crederetur.

532 2325 665 2395 Verum
680 2323 766 2420 quia
780 2321 909 2395 illustri
925 2324 1005 2395 viro
1026 2320 1073 2394 ab
1089 2323 1225 2395 aemulis
1239 2321 1424 2395 humilitas
1446 2322 1541 2423 obji-

483 2437 577 2511 citur
589 2438 755 2534 generis¹,
769 2462 843 2511 non
862 2436 1090 2511 considerant
1101 2438 1183 2510 coeci
1199 2451 1236 2510 et
1251 2436 1399 2511 hebetes
1408 2439 1456 2512 ad
1470 2463 1544 2511 ma-

478 2551 596 2651 jurem
611 2553 706 2627 illius
730 2551 876 2626 laudem
891 2555 1069 2653 pertinere
1088 2553 1146 2626 vel
1169 2554 1318 2651 gloriam
1351 2579 1436 2628 suos
1457 2555 1544 2628 elle-

482 2669 571 2741 cisse
589 2667 743 2760 nobiles,
766 2693 876 2767 quam
899 2670 996 2742 nasci
1022 2668 1068 2743 de
1088 2669 1283 2743 nobilibus.
1303 2669 1427 2744 Sedet
1443 2670 1542 2744 Plato

481 2785 531 2858 ait
547 2787 729 2858 neminem
747 2810 865 2881 regem
883 2810 956 2859 non
981 2811 1024 2858 cx
1038 2784 1237 2859 humilibus
1251 2785 1462 2878 oriundum,
1480 2811 1542 2860 ne-

481 2901 618 2974 minem
641 2926 715 2975 non
741 2900 917 2974 humilem
949 2926 991 2974 ex
1018 2901 1172 2998 regibus.
1199 2901 1330 2974 Omnia
1353 2902 1418 2974 ista
1437 2902 1541 3000 longa

481 3016 631 3089 varietas
647 3017 801 3108 miscuit,
812 3031 849 3089 et
864 3041 1005 3089 sursum
1020 3018 1191 3090 deorsum
1207 3017 1348 3090 lortuna
1360 3020 1538 3092 versavit'.

482 3129 625 3204 Nobiles
640 3131 750 3205 efficit
760 3133 913 3226 animus,
926 3157 1036 3232 quem
1052 3133 1090 3205 in
1103 3132 1175 3206 hoc
1187 3132 1266 3206 viro
1280 3131 1389 3206 talem
1403 3149 1542 3208 constat

481 3246 601 3342 luisse,
627 3262 668 3320 ut
690 3247 789 3321 hunc
812 3272 886 3321 non
903 3249 1085 3322 immerito
1112 3247 1339 3348 descripsisse
1356 3250 1538 3343 credatur,

479 3367 541 3467 qui
554 3368 604 3442 ait
625 3397 633 3440 :
654 3370 835 3443 «Animus
855 3369 998 3443 intuens
1016 3393 1112 3462 vera,
1128 3369 1262 3469 peritus
1282 3369 1535 3466 fugiendorum

483 3514 500 3552 α
528 3509 570 3557 ac
580 3484 833 3586 petendorum,
849 3509 978 3559 nonen
990 3485 1174 3586 opinione,
1189 3483 1251 3558 sed
1264 3510 1308 3558 ex
1320 3501 1448 3560 natura
1462 3511 1540 3586 pre·

519 3777 551 3834 l.
562 3777 763 3834 Admirantur
774 3775 843 3836 cdd.

518 3869 548 3927 2.
565 3867 779 3947 Ignobilitatem
794 3862 909 3950 generis
929 3867 975 3929 sui
997 3867 1104 3930 latetur
1120 3865 1243 3950 ipsemet
1262 3867 1402 3947 Sugerius
1423 3867 1454 3930 in
1475 3869 1540 3930 vttt

477 3959 618 4021 Ludorici
630 3964 686 4037 v1;
700 3962 825 4043 patriam
838 3962 910 4022 verd
926 3961 1071 4042 requeis,
1086 3981 1181 4042 neque
1201 3960 1277 4022 alius
1293 3957 1447 4041 qnisquam
1461 3961 1539 4022 indi-

476 4053 555 4115 carit
567 4053 714 4137 (bened).
732 4089 773 4104 -
792 4056 1015 4118 Andomarensis
1030 4057 1124 4138 patrii
1137 4053 1316 4137 probabilibs
1330 4055 1396 4130 luit,
1409 4055 1541 4118 acbroer

476 4147 589 4222 alvisii,
603 4147 798 4210 Atrebatemis
811 4148 953 4231 episcopi,
974 4149 1051 4212 filius
1068 4147 1141 4212 verb
1157 4148 1307 4232 cujusdam
1319 4147 1488 4212 Heliuaudi.
1501 4151 1537 4213 V.

477 4247 508 4303 ι.
521 4247 621 4315 uma,
631 4245 777 4322 srnguar.
791 4243 892 4305 teor.
906 4247 949 4318 n,
966 4247 1019 4307 ts.

517 4337 548 4399 ³.
569 4339 637 4396 Huc
652 4335 742 4400 verbe
759 4347 906 4397 mutuatus
922 4348 966 4397 est
980 4333 1143 4398 willelmus
1157 4339 1175 4396 d
1193 4337 1301 4398 Seuecl
1322 4333 1371 4416 (ed
1396 4335 1539 4398 Lucilium

476 4448 525 4511 ep.
540 4429 591 4512 li)
605 4450 612 4489 :
631 4425 739 4491 «Plato
751 4428 791 4490 eit
803 4429 948 4492 nemiuem
961 4449 1058 4510 regem
1072 4450 1131 4490 non
1144 4450 1181 4492 ex
1194 4431 1284 4492 servis
1297 4447 1359 4491 esse
1370 4429 1537 4505 oriundum,

476 4523 621 4587 nemiuem
635 4543 695 4587 non
714 4544 875 4589 semumex
887 4523 1034 4607 tegibus·
1050 4523 1174 4606 Reliqua
1184 4524 1221 4588 de
1232 4545 1285 4587 suo
1295 4523 1536 4590 nttidtsmecn.
