3742 5667
447 816 519 875 SUR
539 815 610 874 SON
629 814 946 875 ADMINISTRATION
965 817 1168 876 mantuan

368 952 468 1027 Deque
481 958 532 1006 tuo
545 944 598 1005 tibi
611 944 786 1026 participans
797 960 908 1026 martyr
920 946 1052 1027 Dionysi,

367 1042 437 1101 unt
447 1050 480 1097 ut
494 1057 598 1099 exores
610 1039 671 1101 iore
681 1039 850 1121 participem
864 1038 1006 1102 Paradisi.

368 1138 466 1193 Annus
476 1130 611 1193 millenus
623 1144 654 1193 et
665 1146 801 1195 centenm
812 1135 1016 1214 quadragesim

407 1228 508 1285 Annus
522 1238 586 1287 erat
597 1225 697 1302 Verbi,
708 1227 826 1307 quando
837 1238 949 1289 sacrata
961 1224 1026 1288 iuit.

337 1376 465 1447 Versus
479 1374 590 1447 etiam
604 1388 791 1473 portarum
803 1374 856 1447 hi¹
868 1388 976 1449 sunta

366 1542 517 1599 Portarum
527 1537 659 1619 quisquis
671 1540 802 1601 attollere
811 1538 917 1620 qnaeris
929 1539 1085 1613 bonorem,

365 1634 476 1693 Aurem
488 1644 697 1713 cousumptos,
711 1634 807 1715 operis
818 1632 925 1695 mirare
939 1632 1082 1703 laborem,
1170 1656 1174 1663 ’

365 1725 466 1787 Nobile
475 1726 567 1787 claret
576 1746 661 1807 opus,
677 1726 729 1787 sed
745 1748 818 1809 opus
833 1728 910 1807 quod
923 1726 1020 1787 nobile
1034 1726 1124 1789 claret

364 1817 507 1879 Glariiicet
516 1830 628 1881 mentes
637 1831 671 1880 ut
682 1832 749 1881 eant
759 1840 813 1900 per
825 1820 934 1881 lamiae
947 1838 1015 1880 vera

363 1908 408 1969 Id
418 1931 520 1971 verum
529 1912 639 1987 lumen,
652 1912 703 1972 ubi
715 1911 845 1973 Christus
853 1911 943 1995 janua
955 1932 1034 1972 vera.

364 2004 455 2080 Quale
468 2005 506 2066 sit
516 2004 593 2067 intus
604 2006 635 2066 in
650 2005 695 2067 bis
705 2006 875 2068 determinat
888 2025 976 2066 aurea
989 2016 1084 2085 porta.

362 2100 443 2159 Mens
454 2097 542 2159 hebes
554 2100 593 2160 ad
605 2119 704 2161 verum
718 2120 772 2181 per
783 2100 941 2161 materialia
953 2098 1055 2178 surgit,

361 2194 397 2251 st
408 2191 541 2253 demersa
553 2192 634 2274 prius
650 2193 706 2253 hac
716 2192 777 2255 risa
787 2194 851 2254 luce
865 2192 1001 2273 resurgit.

333 2344 376 2414 Et
389 2340 427 2413 in
444 2342 706 2455 superliminari
723 2366 732 2417 τ

361 2508 480 2590 Suscipe
491 2521 561 2571 vota
574 2508 627 2584 tui,
637 2507 729 2591 judex
740 2510 880 2584 districte,
894 2507 1017 2591 Sugari3

359 2604 441 2663 Inter
450 2622 518 2663 oves
529 2602 662 2685 proprias
671 2604 719 2665 iao
735 2624 781 2666 me
794 2604 950 2667 clementer
963 2600 1079 2668 haberi.

410 2810 565 2881 XXVIII.
588 2815 642 2881 De
659 2827 850 2911 augmento
863 2810 1058 2909 sepembris
1064 2809 1198 2905 partis.

328 3009 463 3083 Eodem
480 3037 566 3086 vero
589 3038 700 3107 anno,
719 3026 794 3087 tam
808 3028 932 3087 sancto
944 3028 980 3085 et
1002 3027 1076 3085 tam
1091 3010 1206 3083 fausto
1222 3034 1331 3108 opero

285 3124 476 3219 exhilarati,
497 3127 545 3200 ad
570 3128 810 3203 inchoandam
836 3130 874 3201 in
895 3128 1071 3227 superiori
1085 3141 1185 3225 parte
1200 3123 1329 3199 divinae

285 3241 539 3341 propitiationis
561 3268 755 3337 cameram,
781 3245 819 3317 in
843 3268 914 3343 qua
926 3243 1018 3340 jugis
1038 3256 1075 3315 et
1090 3242 1258 3341 frequens
1273 3266 1329 3314 re·

286 3352 496 3454 demptionis
515 3372 645 3433 nostrae
665 3358 780 3433 hostia
804 3357 939 3457 absque
953 3356 1143 3431 turbarum
1166 3356 1327 3430 molestia

288 3486 417 3545 secretu
433 3473 615 3547 immolari
634 3472 776 3567 debeat,
796 3473 1081 3548 acceleravimus.
1101 3476 1145 3544 Et
1158 3472 1332 3570 quemad·

286 3585 430 3660 modum
446 3588 484 3661 in
499 3590 631 3688 scripto
653 3588 929 3664 consecrationis
952 3587 1111 3685 ejusdem
1138 3586 1331 3686 superioris

286 3703 396 3802 operis
430 3704 628 3796 invenitur,
658 3706 735 3777 Deo
768 3718 983 3804 cooperante
1006 3716 1043 3774 et
1064 3726 1130 3774 nos
1152 3715 1188 3772 et
1210 3714 1331 3773 nostra

286 3833 520 3917 prosperante,
547 3844 633 3894 cum
658 3818 829 3893 fratribus
851 3833 886 3892 et
904 3817 1085 3891 conservis
1110 3816 1240 3889 nostris
1255 3831 1332 3890 tam

285 3948 453 4027 sanctum,
479 3948 553 4007 tam
572 3934 783 4032 gloriosum,
804 3949 876 4008 tam
899 3934 1079 4007 famosum
1093 3956 1185 4031 opus
1199 3931 1247 4004 ad
1261 3931 1332 4004 bo-

290 4074 371 4122 num
393 4048 543 4149 perduci
566 4050 677 4124 finem
700 4048 981 4124 misericorditer
1007 4048 1171 4123 obtinere
1198 4047 1334 4120 merui-

287 4181 487 4259 mus3tanto
501 4170 578 4241 Deo
588 4148 789 4266 sanctisque
800 4162 1183 4265 Martyribusobnoxii‚
1196 4176 1332 4262 quanto

288 4283 409 4357 nocuis
431 4282 653 4383 temporibus
676 4296 713 4357 et
736 4280 923 4356 laboribus
939 4295 1014 4355 tam
1040 4279 1103 4355 diu
1130 4277 1333 4354 differendo

322 4521 351 4579 t.
371 4521 423 4579 nu
438 4518 504 4581 cod.
527 4540 595 4593 ms„
615 4530 648 4581 ut
672 4516 749 4581 iniri
770 4515 886 4617 plurios.
