<?xml version="1.0" encoding="UTF-8"?>
<!DOCTYPE html PUBLIC "-//W3C//DTD XHTML 1.0 Transitional//EN"
    "http://www.w3.org/TR/xhtml1/DTD/xhtml1-transitional.dtd">
<html xmlns="http://www.w3.org/1999/xhtml" xml:lang="en" lang="en">
 <head>
  <title>
</title>
<meta http-equiv="Content-Type" content="text/html;charset=utf-8" />
  <meta name='ocr-system' content='tesseract 3.04.00' />
  <meta name='ocr-capabilities' content='ocr_page ocr_carea ocr_par ocr_line ocrx_word'/>
</head>
<body>
  <div class='ocr_page' id='page_1' title='image "./oeuvrescompltes00sugegoog_0171.png"; bbox 0 0 3742 5667; ppageno 0'>
   <div class='ocr_carea' id='block_1_1' title="bbox 606 790 1366 857">
    <p class='ocr_par' dir='ltr' id='par_1_1' title="bbox 606 790 1366 857">
     <span class='ocr_line' id='line_1_1' title="bbox 606 790 1366 857; baseline 0.008 -10"><span class='ocrx_word' id='word_1_1' title='bbox 606 791 668 847; x_wconf 78' lang='lat' dir='ltr'>vlu</span> <span class='ocrx_word' id='word_1_2' title='bbox 688 792 740 847; x_wconf 86' lang='lat' dir='ltr'>DE</span> <span class='ocrx_word' id='word_1_3' title='bbox 759 791 936 849; x_wconf 75' lang='lat' dir='ltr'>mutant:</span> <span class='ocrx_word' id='word_1_4' title='bbox 957 790 1068 853; x_wconf 75' lang='lat' dir='ltr'>Gnos.</span> <span class='ocrx_word' id='word_1_5' title='bbox 1309 798 1366 857; x_wconf 75' lang='grc'>135</span> 
     </span>
    </p>
   </div>
   <div class='ocr_carea' id='block_1_2' title="bbox 295 917 1368 1255">
    <p class='ocr_par' dir='ltr' id='par_1_2' title="bbox 295 917 1368 1255">
     <span class='ocr_line' id='line_1_2' title="bbox 295 917 1367 1017; baseline 0.004 -26"><span class='ocrx_word' id='word_1_6' title='bbox 295 917 481 1015; x_wconf 85' lang='lat' dir='ltr'>judicium</span> <span class='ocrx_word' id='word_1_7' title='bbox 505 935 635 1017; x_wconf 79' lang='lat' dir='ltr'>praeter</span> <span class='ocrx_word' id='word_1_8' title='bbox 663 946 770 993; x_wconf 91' lang='lat' dir='ltr'>suum</span> <span class='ocrx_word' id='word_1_9' title='bbox 793 945 868 993; x_wconf 89' lang='lat' dir='ltr'>non</span> <span class='ocrx_word' id='word_1_10' title='bbox 892 920 1099 995; x_wconf 85' lang='lat' dir='ltr'>attendunt.</span> <span class='ocrx_word' id='word_1_11' title='bbox 1129 925 1220 994; x_wconf 93' lang='lat' dir='ltr'>Cum</span> <span class='ocrx_word' id='word_1_12' title='bbox 1246 938 1367 995; x_wconf 87' lang='lat' dir='ltr'>autem</span> 
     </span>
     <span class='ocr_line' id='line_1_3' title="bbox 302 1035 1367 1135; baseline 0.008 -31"><span class='ocrx_word' id='word_1_13' title='bbox 302 1035 400 1107; x_wconf 84' lang='lat' dir='ltr'>Petri</span> <span class='ocrx_word' id='word_1_14' title='bbox 418 1036 550 1109; x_wconf 74' lang='lat' dir='ltr'>leonis</span> <span class='ocrx_word' id='word_1_15' title='bbox 567 1060 671 1135; x_wconf 88' lang='lat' dir='ltr'>pars,</span> <span class='ocrx_word' id='word_1_16' title='bbox 692 1051 771 1109; x_wconf 92' lang='lat' dir='ltr'>tum</span> <span class='ocrx_word' id='word_1_17' title='bbox 791 1051 979 1134; x_wconf 88' lang='lat' dir='ltr'>parentum</span> <span class='ocrx_word' id='word_1_18' title='bbox 1002 1037 1196 1134; x_wconf 79' lang='lat' dir='ltr'>suffragio,</span> <span class='ocrx_word' id='word_1_19' title='bbox 1216 1054 1295 1113; x_wconf 90' lang='lat' dir='ltr'>tum</span> <span class='ocrx_word' id='word_1_20' title='bbox 1310 1066 1367 1112; x_wconf 92' lang='lat' dir='ltr'>ro·</span> 
     </span>
     <span class='ocr_line' id='line_1_4' title="bbox 300 1151 1368 1255; baseline 0.007 -32"><span class='ocrx_word' id='word_1_21' title='bbox 300 1156 434 1225; x_wconf 76' lang='lat' dir='ltr'>manae¹</span> <span class='ocrx_word' id='word_1_22' title='bbox 453 1152 653 1227; x_wconf 79' lang='lat' dir='ltr'>nobilitatis</span> <span class='ocrx_word' id='word_1_23' title='bbox 669 1153 833 1252; x_wconf 85' lang='lat' dir='ltr'>praesidio</span> <span class='ocrx_word' id='word_1_24' title='bbox 846 1151 1073 1252; x_wconf 71' lang='lat' dir='ltr'>praevaleret,</span> <span class='ocrx_word' id='word_1_25' title='bbox 1093 1154 1262 1227; x_wconf 90' lang='lat' dir='ltr'>dominus</span> <span class='ocrx_word' id='word_1_26' title='bbox 1275 1180 1368 1255; x_wconf 84' lang='lat' dir='ltr'>papa</span> 
     </span>
    </p>
   </div>
   <div class='ocr_carea' id='block_1_3' title="bbox 175 1267 1368 1379">
    <p class='ocr_par' dir='ltr' id='par_1_3' title="bbox 175 1267 1368 1379">
     <span class='ocr_line' id='line_1_5' title="bbox 175 1267 1368 1379; baseline 0.003 -39"><span class='ocrx_word' id='word_1_27' title='bbox 175 1341 177 1379; x_wconf 70' lang='lat' dir='ltr'><em>s</em></span> <span class='ocrx_word' id='word_1_28' title='bbox 299 1269 536 1341; x_wconf 82' lang='lat' dir='ltr'>Innocentius</span> <span class='ocrx_word' id='word_1_29' title='bbox 553 1294 638 1341; x_wconf 91' lang='lat' dir='ltr'>cum</span> <span class='ocrx_word' id='word_1_30' title='bbox 658 1268 732 1340; x_wconf 91' lang='lat' dir='ltr'>suis</span> <span class='ocrx_word' id='word_1_31' title='bbox 752 1267 878 1341; x_wconf 91' lang='lat' dir='ltr'>urbem</span> <span class='ocrx_word' id='word_1_32' title='bbox 893 1268 1096 1367; x_wconf 82' lang='lat' dir='ltr'>relinquere</span> <span class='ocrx_word' id='word_1_33' title='bbox 1120 1269 1306 1362; x_wconf 83' lang='lat' dir='ltr'>deliberat,</span> <span class='ocrx_word' id='word_1_34' title='bbox 1327 1286 1368 1343; x_wconf 88' lang='lat' dir='ltr'>ut</span> 
     </span>
    </p>
   </div>
   <div class='ocr_carea' id='block_1_4' title="bbox 299 1382 1368 3334">
    <p class='ocr_par' dir='ltr' id='par_1_4' title="bbox 299 1382 1368 3334">
     <span class='ocr_line' id='line_1_6' title="bbox 299 1382 1368 1485; baseline 0.003 -29"><span class='ocrx_word' id='word_1_35' title='bbox 299 1382 430 1457; x_wconf 87' lang='lat' dir='ltr'>orbem</span> <span class='ocrx_word' id='word_1_36' title='bbox 436 1400 616 1457; x_wconf 85' lang='lat' dir='ltr'>terrarum</span> <span class='ocrx_word' id='word_1_37' title='bbox 626 1384 998 1485; x_wconf 85' lang='lat' dir='ltr'>obtinerepraevuleat.</span> <span class='ocrx_word' id='word_1_38' title='bbox 1013 1387 1242 1461; x_wconf 86' lang='lat' dir='ltr'>Descendens</span> <span class='ocrx_word' id='word_1_39' title='bbox 1248 1387 1368 1483; x_wconf 88' lang='lat' dir='ltr'>itaque</span> 
     </span>
     <span class='ocr_line' id='line_1_7' title="bbox 302 1500 1367 1601; baseline 0.004 -30"><span class='ocrx_word' id='word_1_40' title='bbox 302 1500 422 1573; x_wconf 82' lang='lat' dir='ltr'>navali</span> <span class='ocrx_word' id='word_1_41' title='bbox 430 1500 608 1574; x_wconf 86' lang='lat' dir='ltr'>subsidio¹</span> <span class='ocrx_word' id='word_1_42' title='bbox 625 1500 673 1574; x_wconf 85' lang='lat' dir='ltr'>ad</span> <span class='ocrx_word' id='word_1_43' title='bbox 690 1516 810 1599; x_wconf 84' lang='lat' dir='ltr'>partes</span> <span class='ocrx_word' id='word_1_44' title='bbox 822 1500 1034 1593; x_wconf 83' lang='lat' dir='ltr'>Galliarum,</span> <span class='ocrx_word' id='word_1_45' title='bbox 1051 1516 1170 1575; x_wconf 89' lang='lat' dir='ltr'>tutum</span> <span class='ocrx_word' id='word_1_46' title='bbox 1186 1518 1223 1575; x_wconf 87' lang='lat' dir='ltr'>et</span> <span class='ocrx_word' id='word_1_47' title='bbox 1237 1526 1367 1601; x_wconf 90' lang='lat' dir='ltr'>appro-</span> 
     </span>
     <span class='ocr_line' id='line_1_8' title="bbox 300 1614 1367 1715; baseline 0.005 -28"><span class='ocrx_word' id='word_1_48' title='bbox 300 1614 430 1687; x_wconf 85' lang='lat' dir='ltr'>batum</span> <span class='ocrx_word' id='word_1_49' title='bbox 440 1616 541 1713; x_wconf 80' lang='lat' dir='ltr'>eligit</span> <span class='ocrx_word' id='word_1_50' title='bbox 548 1641 710 1715; x_wconf 86' lang='lat' dir='ltr'>personae</span> <span class='ocrx_word' id='word_1_51' title='bbox 721 1618 924 1690; x_wconf 83' lang='lat' dir='ltr'>etEcclesiae</span> <span class='ocrx_word' id='word_1_52' title='bbox 934 1634 1016 1715; x_wconf 89' lang='lat' dir='ltr'>post</span> <span class='ocrx_word' id='word_1_53' title='bbox 1023 1621 1141 1690; x_wconf 90' lang='lat' dir='ltr'>Deum</span> <span class='ocrx_word' id='word_1_54' title='bbox 1150 1618 1367 1692; x_wconf 87' lang='lat' dir='ltr'>defensionis</span> 
     </span>
     <span class='ocr_line' id='line_1_9' title="bbox 301 1729 1364 1826; baseline 0.008 -25"><span class='ocrx_word' id='word_1_55' title='bbox 301 1729 444 1825; x_wconf 76' lang='lat' dir='ltr'>asylum</span> <span class='ocrx_word' id='word_1_56' title='bbox 473 1754 626 1826; x_wconf 84' lang='lat' dir='ltr'>regnum</span> <span class='ocrx_word' id='word_1_57' title='bbox 651 1730 916 1805; x_wconf 90' lang='lat' dir='ltr'>nobilissimum</span> <span class='ocrx_word' id='word_1_58' title='bbox 934 1738 1173 1825; x_wconf 86' lang='lat' dir='ltr'>Francorum,</span> <span class='ocrx_word' id='word_1_59' title='bbox 1207 1735 1364 1809; x_wconf 89' lang='lat' dir='ltr'>nunciis-</span> 
     </span>
     <span class='ocr_line' id='line_1_10' title="bbox 301 1846 1367 1949; baseline 0.007 -32"><span class='ocrx_word' id='word_1_60' title='bbox 301 1847 458 1943; x_wconf 92' lang='lat' dir='ltr'>quesuis</span> <span class='ocrx_word' id='word_1_61' title='bbox 471 1846 520 1918; x_wconf 93' lang='lat' dir='ltr'>ad</span> <span class='ocrx_word' id='word_1_62' title='bbox 532 1870 655 1942; x_wconf 87' lang='lat' dir='ltr'>regem</span> <span class='ocrx_word' id='word_1_63' title='bbox 666 1846 1149 1941; x_wconf 80' lang='lat' dir='ltr'>Ludovicumdestinatis‚et</span> <span class='ocrx_word' id='word_1_64' title='bbox 1162 1868 1367 1949; x_wconf 78' lang='lat' dir='ltr'>personaret</span> 
     </span>
     <span class='ocr_line' id='line_1_11' title="bbox 301 1956 1366 2059; baseline 0.004 -30"><span class='ocrx_word' id='word_1_65' title='bbox 301 1956 467 2030; x_wconf 83' lang='lat' dir='ltr'>Ecclesiae</span> <span class='ocrx_word' id='word_1_66' title='bbox 482 1958 653 2057; x_wconf 77' lang='lat' dir='ltr'>opittdari</span> <span class='ocrx_word' id='word_1_67' title='bbox 668 1958 850 2055; x_wconf 81' lang='lat' dir='ltr'>efflagitat.</span> <span class='ocrx_word' id='word_1_68' title='bbox 863 1962 944 2047; x_wconf 90' lang='lat' dir='ltr'>Quo</span> <span class='ocrx_word' id='word_1_69' title='bbox 953 1984 1029 2050; x_wconf 84' lang='lat' dir='ltr'>rex,</span> <span class='ocrx_word' id='word_1_70' title='bbox 1046 1974 1087 2033; x_wconf 93' lang='lat' dir='ltr'>ut</span> <span class='ocrx_word' id='word_1_71' title='bbox 1102 1975 1175 2032; x_wconf 88' lang='lat' dir='ltr'>erat</span> <span class='ocrx_word' id='word_1_72' title='bbox 1186 1960 1366 2059; x_wconf 89' lang='lat' dir='ltr'>piissimus</span> 
     </span>
     <span class='ocr_line' id='line_1_12' title="bbox 302 2073 1364 2173; baseline 0.003 -26"><span class='ocrx_word' id='word_1_73' title='bbox 302 2073 469 2147; x_wconf 75' lang='lat' dir='ltr'>Ecclesiae</span> <span class='ocrx_word' id='word_1_74' title='bbox 490 2073 671 2166; x_wconf 81' lang='lat' dir='ltr'>defensor,</span> <span class='ocrx_word' id='word_1_75' title='bbox 690 2076 762 2147; x_wconf 91' lang='lat' dir='ltr'>cito</span> <span class='ocrx_word' id='word_1_76' title='bbox 778 2092 1020 2173; x_wconf 83' lang='lat' dir='ltr'>conpunctus,</span> <span class='ocrx_word' id='word_1_77' title='bbox 1036 2076 1226 2149; x_wconf 88' lang='lat' dir='ltr'>concilium</span> <span class='ocrx_word' id='word_1_78' title='bbox 1246 2078 1364 2150; x_wconf 85' lang='lat' dir='ltr'>archi-</span> 
     </span>
     <span class='ocr_line' id='line_1_13' title="bbox 300 2195 1365 2295; baseline 0.003 -29"><span class='ocrx_word' id='word_1_79' title='bbox 300 2195 573 2293; x_wconf 90' lang='lat' dir='ltr'>episcoporum,</span> <span class='ocrx_word' id='word_1_80' title='bbox 590 2196 857 2295; x_wconf 86' lang='lat' dir='ltr'>episcoporum,</span> <span class='ocrx_word' id='word_1_81' title='bbox 872 2196 1047 2269; x_wconf 86' lang='lat' dir='ltr'>abbatum</span> <span class='ocrx_word' id='word_1_82' title='bbox 1064 2210 1101 2269; x_wconf 90' lang='lat' dir='ltr'>et</span> <span class='ocrx_word' id='word_1_83' title='bbox 1117 2195 1365 2293; x_wconf 85' lang='lat' dir='ltr'>religiosorum</span> 
     </span>
     <span class='ocr_line' id='line_1_14' title="bbox 302 2311 1365 2409; baseline 0.001 -26"><span class='ocrx_word' id='word_1_84' title='bbox 302 2312 464 2383; x_wconf 82' lang='lat' dir='ltr'>virorum</span> <span class='ocrx_word' id='word_1_85' title='bbox 487 2312 643 2409; x_wconf 76' lang='lat' dir='ltr'>stampis</span> <span class='ocrx_word' id='word_1_86' title='bbox 663 2327 854 2402; x_wconf 86' lang='lat' dir='ltr'>convocat,</span> <span class='ocrx_word' id='word_1_87' title='bbox 880 2327 916 2383; x_wconf 92' lang='lat' dir='ltr'>et</span> <span class='ocrx_word' id='word_1_88' title='bbox 942 2336 1071 2384; x_wconf 89' lang='lat' dir='ltr'>eorum</span> <span class='ocrx_word' id='word_1_89' title='bbox 1087 2311 1238 2383; x_wconf 89' lang='lat' dir='ltr'>consilio</span> <span class='ocrx_word' id='word_1_90' title='bbox 1254 2313 1365 2408; x_wconf 85' lang='lat' dir='ltr'>magis</span> 
     </span>
     <span class='ocr_line' id='line_1_15' title="bbox 303 2424 1363 2525; baseline 0.004 -28"><span class='ocrx_word' id='word_1_91' title='bbox 303 2424 348 2497; x_wconf 93' lang='lat' dir='ltr'>de</span> <span class='ocrx_word' id='word_1_92' title='bbox 369 2449 525 2522; x_wconf 87' lang='lat' dir='ltr'>persona</span> <span class='ocrx_word' id='word_1_93' title='bbox 544 2450 655 2525; x_wconf 91' lang='lat' dir='ltr'>quam</span> <span class='ocrx_word' id='word_1_94' title='bbox 676 2426 722 2499; x_wconf 90' lang='lat' dir='ltr'>de</span> <span class='ocrx_word' id='word_1_95' title='bbox 747 2426 921 2499; x_wconf 86' lang='lat' dir='ltr'>electione</span> <span class='ocrx_word' id='word_1_96' title='bbox 944 2427 1157 2523; x_wconf 86' lang='lat' dir='ltr'>investigans</span> <span class='ocrx_word' id='word_1_97' title='bbox 1183 2426 1244 2523; x_wconf 81' lang='lat' dir='ltr'>(lit</span> <span class='ocrx_word' id='word_1_98' title='bbox 1267 2428 1363 2501; x_wconf 88' lang='lat' dir='ltr'>enim</span> 
     </span>
     <span class='ocr_line' id='line_1_16' title="bbox 303 2541 1364 2639; baseline 0.004 -27"><span class='ocrx_word' id='word_1_99' title='bbox 303 2564 393 2639; x_wconf 64' lang='lat' dir='ltr'>sepe</span> <span class='ocrx_word' id='word_1_100' title='bbox 412 2555 455 2613; x_wconf 90' lang='lat' dir='ltr'>ut</span> <span class='ocrx_word' id='word_1_101' title='bbox 477 2546 724 2614; x_wconf 82' lang='lat' dir='ltr'>Romanorum</span> <span class='ocrx_word' id='word_1_102' title='bbox 753 2541 1052 2615; x_wconf 84' lang='lat' dir='ltr'>tumultuantium</span> <span class='ocrx_word' id='word_1_103' title='bbox 1076 2541 1364 2639; x_wconf 90' lang='lat' dir='ltr'>quibuscumque</span> 
     </span>
     <span class='ocr_line' id='line_1_17' title="bbox 304 2656 1362 2757; baseline -0.001 -27"><span class='ocrx_word' id='word_1_104' title='bbox 304 2656 475 2731; x_wconf 88' lang='lat' dir='ltr'>molestiis</span> <span class='ocrx_word' id='word_1_105' title='bbox 485 2659 645 2731; x_wconf 75' lang='lat' dir='ltr'>Ecclesiae</span> <span class='ocrx_word' id='word_1_106' title='bbox 662 2660 787 2732; x_wconf 86' lang='lat' dir='ltr'>electio</span> <span class='ocrx_word' id='word_1_107' title='bbox 802 2660 921 2733; x_wconf 91' lang='lat' dir='ltr'>minus</span> <span class='ocrx_word' id='word_1_108' title='bbox 932 2658 1112 2731; x_wconf 87' lang='lat' dir='ltr'>ordinarie</span> <span class='ocrx_word' id='word_1_109' title='bbox 1128 2656 1206 2729; x_wconf 85' lang='lat' dir='ltr'>lieri</span> <span class='ocrx_word' id='word_1_110' title='bbox 1219 2658 1362 2757; x_wconf 84' lang='lat' dir='ltr'>valeat),</span> 
     </span>
     <span class='ocr_line' id='line_1_18' title="bbox 305 2771 1366 2871; baseline 0.002 -26"><span class='ocrx_word' id='word_1_111' title='bbox 305 2774 354 2845; x_wconf 77' lang='lat' dir='ltr'>ei&#39;</span> <span class='ocrx_word' id='word_1_112' title='bbox 379 2798 565 2847; x_wconf 85' lang='lat' dir='ltr'>assensum</span> <span class='ocrx_word' id='word_1_113' title='bbox 590 2774 756 2847; x_wconf 89' lang='lat' dir='ltr'>electioni</span> <span class='ocrx_word' id='word_1_114' title='bbox 780 2773 930 2846; x_wconf 91' lang='lat' dir='ltr'>consilio</span> <span class='ocrx_word' id='word_1_115' title='bbox 960 2774 1135 2845; x_wconf 79' lang='lat' dir='ltr'>virorum⁸</span> <span class='ocrx_word' id='word_1_116' title='bbox 1154 2771 1303 2871; x_wconf 87' lang='lat' dir='ltr'>praebet‚</span> <span class='ocrx_word' id='word_1_117' title='bbox 1328 2788 1366 2847; x_wconf 89' lang='lat' dir='ltr'>et</span> 
     </span>
     <span class='ocr_line' id='line_1_19' title="bbox 304 2890 1367 2989; baseline -0.004 -26"><span class='ocrx_word' id='word_1_118' title='bbox 304 2890 473 2989; x_wconf 87' lang='lat' dir='ltr'>deinceps</span> <span class='ocrx_word' id='word_1_119' title='bbox 493 2914 605 2963; x_wconf 86' lang='lat' dir='ltr'>manu</span> <span class='ocrx_word' id='word_1_120' title='bbox 627 2906 752 2963; x_wconf 88' lang='lat' dir='ltr'>tenere</span> <span class='ocrx_word' id='word_1_121' title='bbox 770 2890 963 2989; x_wconf 90' lang='lat' dir='ltr'>promittit.</span> <span class='ocrx_word' id='word_1_122' title='bbox 989 2891 1080 2959; x_wconf 92' lang='lat' dir='ltr'>Cum</span> <span class='ocrx_word' id='word_1_123' title='bbox 1105 2902 1226 2959; x_wconf 86' lang='lat' dir='ltr'>autem</span> <span class='ocrx_word' id='word_1_124' title='bbox 1241 2903 1277 2959; x_wconf 91' lang='lat' dir='ltr'>et</span> <span class='ocrx_word' id='word_1_125' title='bbox 1293 2913 1367 2959; x_wconf 90' lang='lat' dir='ltr'>sus-</span> 
     </span>
     <span class='ocr_line' id='line_1_20' title="bbox 304 3001 1366 3103; baseline -0.006 -25"><span class='ocrx_word' id='word_1_126' title='bbox 304 3005 479 3103; x_wconf 87' lang='lat' dir='ltr'>ceptionis</span> <span class='ocrx_word' id='word_1_127' title='bbox 493 3019 531 3077; x_wconf 90' lang='lat' dir='ltr'>et</span> <span class='ocrx_word' id='word_1_128' title='bbox 543 3005 677 3077; x_wconf 84' lang='lat' dir='ltr'>servitii</span> <span class='ocrx_word' id='word_1_129' title='bbox 692 3005 866 3103; x_wconf 87' lang='lat' dir='ltr'>primitias</span> <span class='ocrx_word' id='word_1_130' title='bbox 881 3002 1042 3075; x_wconf 89' lang='lat' dir='ltr'>Cluniaci</span> <span class='ocrx_word' id='word_1_131' title='bbox 1057 3026 1121 3099; x_wconf 92' lang='lat' dir='ltr'>per</span> <span class='ocrx_word' id='word_1_132' title='bbox 1137 3026 1205 3073; x_wconf 90' lang='lat' dir='ltr'>nos</span> <span class='ocrx_word' id='word_1_133' title='bbox 1218 3002 1250 3073; x_wconf 90' lang='lat' dir='ltr'>ei</span> <span class='ocrx_word' id='word_1_134' title='bbox 1269 3001 1366 3073; x_wconf 92' lang='lat' dir='ltr'>dele-</span> 
     </span>
     <span class='ocr_line' id='line_1_21' title="bbox 305 3116 1367 3217; baseline -0.003 -25"><span class='ocrx_word' id='word_1_135' title='bbox 305 3136 429 3217; x_wconf 62' lang='lat' dir='ltr'>gamot,</span> <span class='ocrx_word' id='word_1_136' title='bbox 450 3136 552 3193; x_wconf 88' lang='lat' dir='ltr'>tanto</span> <span class='ocrx_word' id='word_1_137' title='bbox 569 3120 751 3193; x_wconf 77' lang='lat' dir='ltr'>exhilarati</span> <span class='ocrx_word' id='word_1_138' title='bbox 766 3120 948 3215; x_wconf 80' lang='lat' dir='ltr'>suffragio,</span> <span class='ocrx_word' id='word_1_139' title='bbox 967 3142 1051 3190; x_wconf 90' lang='lat' dir='ltr'>cum</span> <span class='ocrx_word' id='word_1_140' title='bbox 1065 3118 1176 3213; x_wconf 86' lang='lat' dir='ltr'>gratia</span> <span class='ocrx_word' id='word_1_141' title='bbox 1194 3132 1232 3190; x_wconf 90' lang='lat' dir='ltr'>et</span> <span class='ocrx_word' id='word_1_142' title='bbox 1257 3116 1367 3190; x_wconf 90' lang='lat' dir='ltr'>bene·</span> 
     </span>
     <span class='ocr_line' id='line_1_22' title="bbox 305 3232 1366 3334; baseline -0.003 -25"><span class='ocrx_word' id='word_1_143' title='bbox 305 3238 463 3311; x_wconf 88' lang='lat' dir='ltr'>dictione</span> <span class='ocrx_word' id='word_1_144' title='bbox 490 3236 640 3310; x_wconf 91' lang='lat' dir='ltr'>domino</span> <span class='ocrx_word' id='word_1_145' title='bbox 661 3235 735 3333; x_wconf 85' lang='lat' dir='ltr'>regi</span> <span class='ocrx_word' id='word_1_146' title='bbox 761 3259 825 3334; x_wconf 86' lang='lat' dir='ltr'>per</span> <span class='ocrx_word' id='word_1_147' title='bbox 849 3260 916 3307; x_wconf 89' lang='lat' dir='ltr'>nos</span> <span class='ocrx_word' id='word_1_148' title='bbox 939 3235 1066 3330; x_wconf 86' lang='lat' dir='ltr'>gratias</span> <span class='ocrx_word' id='word_1_149' title='bbox 1092 3232 1298 3322; x_wconf 86' lang='lat' dir='ltr'>reserentes,</span> <span class='ocrx_word' id='word_1_150' title='bbox 1319 3233 1366 3306; x_wconf 82' lang='lat' dir='ltr'>ed</span> 
     </span>
    </p>
   </div>
   <div class='ocr_carea' id='block_1_5' title="bbox 306 3351 1367 3561">
    <p class='ocr_par' dir='ltr' id='par_1_5' title="bbox 306 3351 1367 3561">
     <span class='ocr_line' id='line_1_23' title="bbox 306 3351 1367 3453; baseline -0.004 -28"><span class='ocrx_word' id='word_1_151' title='bbox 306 3354 451 3453; x_wconf 85' lang='lat' dir='ltr'>propria</span> <span class='ocrx_word' id='word_1_152' title='bbox 466 3352 693 3425; x_wconf 89' lang='lat' dir='ltr'>remiserunt.</span> <span class='ocrx_word' id='word_1_153' title='bbox 720 3355 767 3422; x_wconf 90' lang='lat' dir='ltr'>Ut</span> <span class='ocrx_word' id='word_1_154' title='bbox 791 3364 912 3421; x_wconf 85' lang='lat' dir='ltr'>autem</span> <span class='ocrx_word' id='word_1_155' title='bbox 935 3374 1047 3447; x_wconf 91' lang='lat' dir='ltr'>usque</span> <span class='ocrx_word' id='word_1_156' title='bbox 1072 3351 1243 3421; x_wconf 88' lang='lat' dir='ltr'>Sanctum</span> <span class='ocrx_word' id='word_1_157' title='bbox 1258 3354 1367 3423; x_wconf 85' lang='lat' dir='ltr'>Bene·</span> 
     </span>
     <span class='ocr_line' id='line_1_24' title="bbox 307 3460 1364 3561; baseline -0.006 -24"><span class='ocrx_word' id='word_1_158' title='bbox 307 3464 444 3537; x_wconf 90' lang='lat' dir='ltr'>dictum</span> <span class='ocrx_word' id='word_1_159' title='bbox 463 3488 572 3561; x_wconf 90' lang='lat' dir='ltr'>super</span> <span class='ocrx_word' id='word_1_160' title='bbox 594 3463 747 3559; x_wconf 82' lang='lat' dir='ltr'>ligerim</span> <span class='ocrx_word' id='word_1_161' title='bbox 763 3461 961 3551; x_wconf 83' lang='lat' dir='ltr'>descendit,</span> <span class='ocrx_word' id='word_1_162' title='bbox 991 3460 1163 3535; x_wconf 89' lang='lat' dir='ltr'>dominus</span> <span class='ocrx_word' id='word_1_163' title='bbox 1193 3485 1256 3532; x_wconf 81' lang='lat' dir='ltr'>rex</span> <span class='ocrx_word' id='word_1_164' title='bbox 1280 3484 1364 3533; x_wconf 93' lang='lat' dir='ltr'>cum</span> 
     </span>
    </p>
   </div>
   <div class='ocr_carea' id='block_1_6' title="bbox 306 3768 1367 4587">
    <p class='ocr_par' dir='ltr' id='par_1_6' title="bbox 306 3768 1366 3944">
     <span class='ocr_line' id='line_1_25' title="bbox 345 3768 1366 3846; baseline -0.004 -14"><span class='ocrx_word' id='word_1_165' title='bbox 345 3777 374 3833; x_wconf 86' lang='lat' dir='ltr'>l.</span> <span class='ocrx_word' id='word_1_166' title='bbox 402 3771 450 3832; x_wconf 88' lang='lat' dir='ltr'>Sic</span> <span class='ocrx_word' id='word_1_167' title='bbox 472 3776 561 3846; x_wconf 77' lang='lat'><strong>6265,</strong></span> <span class='ocrx_word' id='word_1_168' title='bbox 585 3785 615 3831; x_wconf 84' lang='lat' dir='ltr'>et</span> <span class='ocrx_word' id='word_1_169' title='bbox 634 3774 701 3836; x_wconf 89' lang='lat' dir='ltr'>edd.</span> <span class='ocrx_word' id='word_1_170' title='bbox 725 3772 830 3834; x_wconf 86' lang='lat' dir='ltr'>Chesn.</span> <span class='ocrx_word' id='word_1_171' title='bbox 848 3791 882 3830; x_wconf 85' lang='lat' dir='ltr'>ac</span> <span class='ocrx_word' id='word_1_172' title='bbox 897 3768 1046 3830; x_wconf 86' lang='lat' dir='ltr'>Benedict.</span> <span class='ocrx_word' id='word_1_173' title='bbox 1060 3799 1101 3815; x_wconf 90' lang='lat'>-</span> <span class='ocrx_word' id='word_1_174' title='bbox 1130 3771 1221 3827; x_wconf 70' lang='lat' dir='ltr'>nome</span> <span class='ocrx_word' id='word_1_175' title='bbox 1237 3780 1296 3828; x_wconf 85' lang='lat' dir='ltr'>tres</span> <span class='ocrx_word' id='word_1_176' title='bbox 1316 3768 1366 3829; x_wconf 86' lang='lat' dir='ltr'>alii</span> 
     </span>
     <span class='ocr_line' id='line_1_26' title="bbox 306 3865 744 3944; baseline -0.002 -19"><span class='ocrx_word' id='word_1_177' title='bbox 306 3866 405 3939; x_wconf 77' lang='lat' dir='ltr'>codd,</span> <span class='ocrx_word' id='word_1_178' title='bbox 416 3866 544 3944; x_wconf 86' lang='lat' dir='ltr'>itemque</span> <span class='ocrx_word' id='word_1_179' title='bbox 556 3865 628 3928; x_wconf 85' lang='lat' dir='ltr'>edit.</span> <span class='ocrx_word' id='word_1_180' title='bbox 643 3867 744 3925; x_wconf 84' lang='lat' dir='ltr'>Germ.</span> 
     </span>
    </p>

    <p class='ocr_par' dir='ltr' id='par_1_7' title="bbox 307 3954 1363 4116">
     <span class='ocr_line' id='line_1_27' title="bbox 345 3954 1363 4022; baseline -0.005 -1"><span class='ocrx_word' id='word_1_181' title='bbox 345 3961 524 4022; x_wconf 76' lang='lat' dir='ltr'>2.Subs1·dto</span> <span class='ocrx_word' id='word_1_182' title='bbox 542 3960 658 4019; x_wconf 86' lang='lat' dir='ltr'>codices</span> <span class='ocrx_word' id='word_1_183' title='bbox 676 3977 777 4019; x_wconf 84' lang='lat' dir='ltr'>omnes</span> <span class='ocrx_word' id='word_1_184' title='bbox 789 3970 818 4018; x_wconf 84' lang='lat' dir='ltr'>et</span> <span class='ocrx_word' id='word_1_185' title='bbox 838 3958 908 4019; x_wconf 87' lang='lat' dir='ltr'>edit.</span> <span class='ocrx_word' id='word_1_186' title='bbox 927 3954 1076 4017; x_wconf 85' lang='lat' dir='ltr'>Benedict.</span> <span class='ocrx_word' id='word_1_187' title='bbox 1094 3988 1132 4001; x_wconf 89' lang='lat'><em>-</em></span> <span class='ocrx_word' id='word_1_188' title='bbox 1144 3960 1281 4017; x_wconf 72' lang='lat' dir='ltr'>Presidio</span> <span class='ocrx_word' id='word_1_189' title='bbox 1300 3956 1363 4017; x_wconf 83' lang='lat' dir='ltr'>aliae</span> 
     </span>
     <span class='ocr_line' id='line_1_28' title="bbox 307 4056 459 4116; baseline 0.007 -1"><span class='ocrx_word' id='word_1_190' title='bbox 307 4056 459 4116; x_wconf 75' lang='lat' dir='ltr'>editiones.</span> 
     </span>
    </p>

    <p class='ocr_par' dir='ltr' id='par_1_8' title="bbox 309 4144 1367 4398">
     <span class='ocr_line' id='line_1_29' title="bbox 347 4144 1365 4227; baseline -0.004 -18"><span class='ocrx_word' id='word_1_191' title='bbox 347 4153 377 4211; x_wconf 83' lang='grc'>3.</span> <span class='ocrx_word' id='word_1_192' title='bbox 396 4149 442 4209; x_wconf 90' lang='lat' dir='ltr'>Sic</span> <span class='ocrx_word' id='word_1_193' title='bbox 453 4148 568 4208; x_wconf 83' lang='lat' dir='ltr'>codices</span> <span class='ocrx_word' id='word_1_194' title='bbox 583 4166 694 4221; x_wconf 88' lang='lat' dir='ltr'>omnes,</span> <span class='ocrx_word' id='word_1_195' title='bbox 710 4146 797 4207; x_wconf 88' lang='lat' dir='ltr'>etiam</span> <span class='ocrx_word' id='word_1_196' title='bbox 821 4151 892 4219; x_wconf 73' lang='lat' dir='ltr'>tta,</span> <span class='ocrx_word' id='word_1_197' title='bbox 913 4168 1000 4227; x_wconf 89' lang='lat' dir='ltr'>quem</span> <span class='ocrx_word' id='word_1_198' title='bbox 1013 4146 1113 4205; x_wconf 89' lang='lat' dir='ltr'>addito</span> <span class='ocrx_word' id='word_1_199' title='bbox 1127 4144 1209 4225; x_wconf 83' lang='lat' dir='ltr'>signo</span> <span class='ocrx_word' id='word_1_200' title='bbox 1225 4153 1287 4219; x_wconf 82' lang='lat' dir='ltr'>ejus</span> <span class='ocrx_word' id='word_1_201' title='bbox 1300 4166 1365 4205; x_wconf 87' lang='lat' dir='ltr'>ma·</span> 
     </span>
     <span class='ocr_line' id='line_1_30' title="bbox 309 4240 1367 4319; baseline -0.005 -15"><span class='ocrx_word' id='word_1_202' title='bbox 309 4266 363 4304; x_wconf 84' lang='lat' dir='ltr'>nus</span> <span class='ocrx_word' id='word_1_203' title='bbox 381 4243 527 4303; x_wconf 81' lang='lat' dir='ltr'>recentior</span> <span class='ocrx_word' id='word_1_204' title='bbox 540 4242 677 4302; x_wconf 85' lang='lat' dir='ltr'>correxit.</span> <span class='ocrx_word' id='word_1_205' title='bbox 694 4274 734 4289; x_wconf 90' lang='lat'>-</span> <span class='ocrx_word' id='word_1_206' title='bbox 750 4248 823 4315; x_wconf 84' lang='lat' dir='ltr'>Ejus</span> <span class='ocrx_word' id='word_1_207' title='bbox 836 4242 907 4301; x_wconf 87' lang='lat' dir='ltr'>edit.</span> <span class='ocrx_word' id='word_1_208' title='bbox 927 4240 1056 4312; x_wconf 71' lang='lat' dir='ltr'>(lberali,</span> <span class='ocrx_word' id='word_1_209' title='bbox 1071 4259 1158 4319; x_wconf 89' lang='lat' dir='ltr'>quam</span> <span class='ocrx_word' id='word_1_210' title='bbox 1179 4240 1268 4299; x_wconf 89' lang='lat' dir='ltr'>secuti</span> <span class='ocrx_word' id='word_1_211' title='bbox 1287 4240 1367 4299; x_wconf 69' lang='lat' dir='ltr'>fuere</span> 
     </span>
     <span class='ocr_line' id='line_1_31' title="bbox 312 4335 884 4398; baseline -0.003 -1"><span class='ocrx_word' id='word_1_212' title='bbox 312 4336 499 4397; x_wconf 65' lang='lat' dir='ltr'>benedictini.</span> <span class='ocrx_word' id='word_1_213' title='bbox 512 4370 552 4381; x_wconf 98' lang='lat'>-</span> <span class='ocrx_word' id='word_1_214' title='bbox 564 4340 605 4395; x_wconf 83' lang='grc' dir='ltr'>Εἰ</span> <span class='ocrx_word' id='word_1_215' title='bbox 615 4336 686 4398; x_wconf 83' lang='lat' dir='ltr'>edit.</span> <span class='ocrx_word' id='word_1_216' title='bbox 701 4335 884 4396; x_wconf 83' lang='lat' dir='ltr'>Germanica.</span> 
     </span>
    </p>

    <p class='ocr_par' dir='ltr' id='par_1_9' title="bbox 312 4424 1365 4587">
     <span class='ocr_line' id='line_1_32' title="bbox 349 4424 1365 4510; baseline -0.004 -19"><span class='ocrx_word' id='word_1_217' title='bbox 349 4436 379 4492; x_wconf 77' lang='lat' dir='ltr'>l,</span> <span class='ocrx_word' id='word_1_218' title='bbox 396 4436 529 4489; x_wconf 77' lang='lat' dir='ltr'>Vtrorum</span> <span class='ocrx_word' id='word_1_219' title='bbox 551 4431 640 4494; x_wconf 90' lang='lat' dir='ltr'>codd.</span> <span class='ocrx_word' id='word_1_220' title='bbox 658 4450 769 4509; x_wconf 88' lang='lat' dir='ltr'>omnes,</span> <span class='ocrx_word' id='word_1_221' title='bbox 784 4431 906 4510; x_wconf 86' lang='lat' dir='ltr'>absque,</span> <span class='ocrx_word' id='word_1_222' title='bbox 930 4441 963 4490; x_wconf 89' lang='lat' dir='ltr'>ut</span> <span class='ocrx_word' id='word_1_223' title='bbox 979 4441 1082 4491; x_wconf 84' lang='lat' dir='ltr'>notant</span> <span class='ocrx_word' id='word_1_224' title='bbox 1097 4424 1286 4500; x_wconf 87' lang='lat' dir='ltr'>Benedictiui‚</span> <span class='ocrx_word' id='word_1_225' title='bbox 1308 4425 1365 4487; x_wconf 75' lang='lat' dir='ltr'>ulta</span> 
     </span>
     <span class='ocr_line' id='line_1_33' title="bbox 312 4524 467 4587; baseline -0.013 0"><span class='ocrx_word' id='word_1_226' title='bbox 312 4524 467 4587; x_wconf 84' lang='lat' dir='ltr'>additione.</span> 
     </span>
    </p>
   </div>
   <div class='ocr_carea' id='block_1_7' title="bbox 0 0 1890 5667">
    <p class='ocr_par' dir='ltr' id='par_1_10' title="bbox 0 0 1890 5667">
     <span class='ocr_line' id='line_1_34' title="bbox 0 0 1890 5667; baseline 0 0"><span class='ocrx_word' id='word_1_227' title='bbox 0 0 1890 5667; x_wconf 95' lang='lat' dir='ltr'> </span> 
     </span>
    </p>
   </div>
  </div>
 </body>
</html>
