3742 5667
643 783 708 840 vlt:
727 783 777 839 DE
797 782 907 840 totns
927 782 974 840 LE
995 780 1101 841 Gttos,
1357 788 1414 845 103

348 939 534 989 summam
548 928 635 987 rotae
647 915 922 1015 prosperitatem
936 914 1055 988 subito
1068 912 1251 989 reducitur
1260 944 1270 1007 3
1280 944 1364 991 cum
1381 935 1418 994 et

348 1032 496 1104 altiores
507 1032 728 1124 turbatores,
743 1032 865 1131 potius
879 1057 987 1105 manu
998 1032 1120 1104 divina
1133 1058 1242 1131 quam
1259 1061 1334 1126 sna,
1353 1053 1417 1110 aut

348 1172 520 1246 supreme
542 1146 722 1221 declinant
746 1163 808 1220 aut
833 1151 982 1231 omnino
1011 1148 1199 1240 deficiunt,
1227 1151 1317 1223 sicut
1342 1152 1416 1249 ipsa

348 1265 527 1337 Divinitas
552 1265 737 1338 consuevit
760 1266 838 1363 jam
864 1290 957 1365 pene
982 1265 1176 1363 desperatis
1199 1281 1235 1338 et
1257 1266 1416 1341 humano

348 1380 484 1452 auxilio
499 1380 675 1453 destitutis
687 1379 938 1454 misericordiae
948 1379 1128 1453 dexteram
1137 1381 1417 1455 misericorditer

348 1497 557 1570 extendere.
588 1500 717 1571 Comes
742 1497 922 1595 siquidem
955 1496 1178 1569 Flandrensis
1209 1497 1415 1592 Balduinus,

347 1612 453 1710 cujus
472 1614 676 1711 gravissima
691 1614 919 1686 infestatione
936 1614 1090 1709 graviter
1105 1612 1201 1686 idern
1222 1638 1284 1686 rex
1306 1615 1415 1687 infes-

346 1728 507 1822 tabatur,
528 1730 654 1833 saepius
675 1730 713 1801 in
737 1730 993 1827 Norrnanniam
1010 1730 1160 1823 irruens,
1182 1754 1265 1803 cum
1285 1730 1328 1803 ad
1353 1732 1415 1805 de-

345 1840 562 1918 bellandum
591 1849 709 1919 Oense
736 1843 921 1918 castellum
946 1860 983 1919 et
1007 1846 1224 1919 maritimam
1248 1848 1416 1921 viciniam

346 1960 474 2033 animo
492 1960 638 2034 effrenis
656 1960 792 2035 militiae
807 1976 965 2053 vacaret,
994 1961 1131 2050 subito,
1145 1961 1208 2033 sed
1229 1988 1311 2034 raro
1325 1964 1413 2055 ictu,

346 2078 388 2149 in
407 2078 498 2150 facie
515 2078 639 2151 lancea
654 2103 856 2177 percussus,
875 2078 1086 2175 dedignatus
1103 2078 1236 2151 tantilla
1252 2078 1320 2152 sibi
1335 2106 1416 2178 pro

345 2195 473 2267 videre
490 2194 605 2295 plaga,
624 2195 719 2267 mori
730 2183 809 2267 'non
831 2194 1055 2291 dedignatus,
1082 2220 1156 2267 non
1178 2211 1318 2268 tantum
1342 2198 1416 2293 regi

349 2310 497 2407 Angliae,
515 2310 577 2383 sed
591 2311 761 2384 omnibus
779 2310 959 2409 deincepS,
975 2310 1085 2383 finem
1102 2310 1248 2399 iaciens,
1269 2336 1417 2410 parcere

348 2426 467 2523 elegit.
489 2426 655 2500 Praefatus
672 2428 809 2524 itaque¹
826 2430 1076 2523 Engerrannus
1093 2427 1139 2498 de
1155 2427 1265 2499 Calvo
1280 2432 1414 2518 Monte,

348 2542 405 2613 vir
419 2541 675 2615 audacissimus
696 2557 731 2614 et
745 2542 908 2638 ejusdem
920 2542 1013 2637 regis
1025 2543 1212 2615 infestator
1224 2566 1417 2640 praesump

349 2674 491 2751 tunsus,
511 2684 596 2731 cum
623 2657 735 2731 beatae
757 2658 873 2730 llariae
902 2660 1024 2731 matris
1050 2658 1197 2729 Domini
1226 2656 1417 2730 Rotboma-

351 2775 468 2869 gensis
490 2774 817 2873 archiepiscopatus
846 2787 979 2846 terram
1010 2772 1234 2845 destructum
1266 2774 1309 2844 iri
1341 2798 1415 2845 non

350 2888 566 2963 obhorreret
572 2894 595 2979 ³,
605 2890 813 2985 gravissimo
826 2904 943 2963 tactus
951 2889 1094 2979 morbo,
1103 2904 1185 2987 post
1201 2888 1347 2985 longam
1361 2894 1414 2961 sul

350 3005 638 3100 exagitationem,
661 3021 743 3104 post
766 3006 910 3102 longam
930 3021 967 3077 et
990 3004 1256 3078 intolerabilem
1279 3007 1415 3105 proprii

350 3122 516 3221 corporis
542 3123 709 3196 meritam
733 3123 949 3213 molestiam,
976 3123 1066 3220 quid
1089 3124 1216 3220 reginae
1241 3123 1416 3195 coelorum

351 3234 526 3308 debeatur
555 3236 639 3310 licet
660 3263 741 3310 sero
764 3237 965 3329 addiscens,
996 3239 1069 3311 vila
1095 3239 1257 3311 decessit.
1287 3242 1417 3310 Comes

350 3354 460 3425 etiam
475 3353 736 3451 Andegavensis
752 3352 873 3442 Fuico,
894 3379 979 3425 cum
998 3369 1033 3425 et
1046 3355 1194 3453 proprio
1206 3354 1370 3426 hominio
1382 3369 1417 3425 et

350 3466 476 3541 multis
491 3471 734 3560 sacramentis,
753 3468 923 3542 obsidum
940 3471 1048 3543 etiam
1064 3468 1325 3569 multiplicitate
1342 3470 1417 3565 regi

352 3585 536 3657 Ludovico
554 3585 818 3661 confoederatus
831 3599 934 3675 esset,
950 3586 1136 3659 avaritiam
1154 3585 1318 3658 fidelitati
1330 3610 1418 3685 prae·

351 3727 508 3801 ponens,
531 3703 734 3775 inconsulto
755 3728 857 3800 rege,
878 3702 1030 3802 perfidia
1051 3704 1242 3775 infamatus
1256 3704 1280 3793 ⁸,
1302 3701 1412 3773 filiam

352 3844 454 3891 suam
471 3820 563 3917 regis
581 3818 716 3914 anglici
730 3818 805 3892 filio
822 3818 1035 3892 Guillelmo⁸
1050 3818 1178 3917 nuptui
1198 3817 1357 3909 tradidit,
1380 3832 1417 3890 et
1502 3913 1507 3924 Ι

393 4051 662 4112 1.Ε11αηι12“110.

394 4148 424 4206 Ξ.
439 4144 610 4203 Abhomret
621 4145 733 4220 tatto,
747 4144 837 4219 6265,
850 4154 938 4221 atque
952 4144 999 4204 cd.
1015 4144 1115 4203 Germ.

395 4247 425 4299 3.
441 4240 488 4300 Sic
510 4243 580 4311 511³,
597 4240 707 4310 12710,
727 4240 817 4311 119111,
839 4249 869 4298 et
891 4238 961 4300 edit.
990 4236 1137 4299 Benedict.
1155 4270 1194 4285 -·
1219 4238 1419 4312 Inflammams

356 4333 459 4413 reliqui
470 4332 556 4393 codd.
575 4344 604 4392 et
620 4332 688 4393 edd.

394 4433 425 4487 t..
441 4430 581 4486 Guttetnw
601 4430 727 4487 613.-
742 4430 786 4488 W
785 4430 894 4485 lllernro
916 4428 1027 4487 12710.
1043 4460 1080 4473 -·-
1102 4429 1255 4487 Gut'llermo
1274 4428 1363 4487 6265.
1379 4458 1417 4473 -

356 4521 433 4580 Alias
446 4524 606 4581 Guillelmo.
