3742 5667
458 823 494 879 aa
671 812 834 874 oeuvnns
856 799 1072 872 conminus
1093 814 1144 871 nr.
1165 813 1299 872 sunna.

455 952 567 1029 baldo
590 950 721 1024 comite
747 963 783 1021 et
804 948 959 1020 exercitu
984 952 1276 1021 Normannorum
1299 962 1335 1021 et
1358 948 1444 1021 Milo
1464 948 1512 1022 de

455 1074 579 1143 Monte
589 1064 741 1156 leherii,
761 1078 798 1136 et
816 1078 889 1136 tam
905 1067 1009 1160 Hugo
1022 1064 1259 1136 creciacensis
1278 1087 1388 1162 quam
1405 1063 1513 1138 frater

354 1175 359 1186 ⁸
455 1186 530 1284 ejus
549 1180 688 1255 Guido¹
705 1204 827 1253 comes
848 1178 894 1253 de
919 1182 1018 1278 Rupe
1035 1180 1143 1271 Forti,
1162 1180 1224 1277 qui
1248 1179 1345 1253 mille
1360 1181 1509 1253 trecenti

453 1296 585 1370 milites
608 1292 836 1367 obsidionem
861 1293 1032 1365 Tauriaco
1049 1290 1310 1389 minabantur),
1333 1316 1395 1364 rex
1410 1292 1511 1367 nullo

455 1413 584 1485 timore
615 1407 838 1496 flectebatur,
868 1407 1000 1505 quibus
1018 1422 1163 1506 poterat
1186 1422 1293 1479 nocte
1315 1423 1351 1479 et
1372 1406 1431 1481 die
1459 1408 1514 1482 la-

453 1549 589 1598 cessere
603 1526 615 1561 ¹
629 1522 769 1621 injuriis
782 1521 976 1613 nitebatur,
994 1546 1039 1595 ne
1054 1523 1065 1559 ⁸
1080 1520 1244 1593 victualia
1261 1520 1367 1617 longe
1383 1522 1512 1620 quaeri·

453 1654 570 1713 tarent
585 1636 847 1734 refragabatur.

503 1758 677 1830 Restituto
691 1755 810 1852 itaque
823 1767 939 1826 castro
953 1753 1123 1827 continua
1136 1753 1344 1852 septimana,
1355 1778 1514 1843 cumre-

454 1871 665 1945 cedentibus
689 1868 906 1969 quibusdam
930 1874 1235 1960 Normannorum,
1260 1894 1380 1943 comes
1398 1870 1514 1944 Theo·

453 1984 583 2057 baldus
615 2010 698 2057 cum
722 1984 875 2057 exercitu
914 1982 1028 2055 multo
1056 1984 1295 2074 remansisset,
1322 1984 1513 2058 recollecto

454 2100 599 2190 robore,
616 2125 678 2171 rex
690 2099 861 2172 bellicum
874 2115 995 2172 movet
1009 2115 1232 2198 apparatum,
1251 2102 1287 2172 in
1301 2124 1411 2173 manu
1431 2100 1521 2187 lorti¹

454 2216 642 2290 Puteolum
655 2216 867 2312 regreditur,
887 2216 1027 2288 hostem
1041 2216 1247 2288 obviantem
1267 2217 1433 2309 conterit,
1449 2240 1515 2315 per

454 2348 599 2433 portam
629 2331 836 2405 dimicando
865 2347 901 2404 et
929 2331 1063 2404 illatam
1091 2332 1261 2430 injuriam
1293 2332 1512 2423 ulciscendo,

456 2460 572 2520 castro
591 2445 755 2539 recludit,
778 2447 934 2519 militum
955 2447 1116 2547 praesidia
1136 2472 1181 2519 ne
1206 2463 1332 2520 exeant
1357 2449 1512 2547 reponit,

455 2564 641 2660 antiquam
659 2578 926 2635 antecessorum
950 2587 1099 2636 suorum
1121 2563 1327 2636 destitutam
1347 2566 1512 2653 motam‘,

455 2693 572 2751 castro
583 2678 682 2772 jactu
698 2676 824 2776 lapidis
836 2679 1092 2777 propinquam,
1107 2694 1269 2778 occupat,
1284 2694 1439 2751 castrum
1454 2706 1516 2753 su·

456 2794 622 2894 pererigit
640 2795 732 2866 miro
753 2793 887 2883 labore,
900 2795 988 2866 mira
1002 2796 1190 2883 anxietate,
1204 2794 1233 2865 si
1250 2792 1369 2867 trabes
1381 2796 1517 2892 juncti⁸

456 2910 627 2982 clausuris
635 2934 709 2982 non
717 2908 1441 3005 erigerenturcontra,fundibulariorum,
1449 2912 1515 2985 ba·

456 3024 686 3117 listariorum,
700 3026 964 3120 sagittariorum
975 3027 1102 3097 emissa
1117 3026 1274 3126 pericula
1283 3029 1513 3101 sustinentes:

457 3142 659 3236 gravissime
670 3141 830 3237 quidem,
846 3166 929 3212 cum
943 3141 1005 3239 qui
1022 3166 1083 3213 eos
1098 3142 1288 3238 angebant,
1300 3143 1407 3217 inlra⁷
1417 3158 1516 3243 septa

457 3256 562 3328 castri
575 3259 703 3346 securi,
722 3271 820 3328 extra
829 3256 1040 3354 jacidantes,
1054 3256 1189 3329 nullam
1200 3259 1320 3331 meriti
1335 3258 1418 3332 rnali
1433 3259 1517 3333 bos·

456 3372 547 3442 tium
562 3371 750 3444 horrerent
766 3370 1056 3444 vicissitudinem.
1072 3372 1209 3469 Flagrat
1219 3374 1347 3445 aemula
1357 3376 1516 3449 victoriae

456 3487 666 3560 interiorum
690 3503 726 3560 et
748 3490 967 3562 exteriorum
988 3488 1186 3588 periculosa
1210 3491 1448 3581 concertatio,
1477 3505 1514 3563 et

495 3772 526 3833 l.
541 3765 639 3827 Guido
653 3770 692 3843 li,
706 3769 847 3829 Gnidonis
859 3768 953 3829 Rubei
966 3768 1053 3831 filius.
1068 3802 1108 3818 —
1124 3775 1154 3831 Ξ.
1170 3778 1316 3833 Lacesrtre
1326 3771 1412 3833 codd.

496 3864 525 3922 3.
549 3860 595 3922 Sic
616 3864 706 3936 6265,
721 3876 809 3943 atque
833 3863 903 3923 edd.
927 3862 1032 3925 chesn.
1056 3875 1085 3924 et
1107 3863 1252 3926 benedict.
1272 3898 1310 3911 -
1328 3870 1389 3927 Nec
1415 3884 1513 3928 omnes

454 3955 541 4019 codd.
553 3967 583 4016 et
593 3956 664 4019 edit.
678 3958 791 4031 Germ,
807 3956 856 4016 sed
869 3956 956 4016 male.

494 4053 524 4111 l.
542 4054 629 4110 Mora
644 4062 829 4131 nuncupatur
839 4049 922 4109 collis
945 4070 996 4111 seu
1015 4050 1153 4129 tumulus,
1170 4053 1216 4112 cui
1231 4050 1433 4113 inaedificatum
1448 4072 1514 4112 cas·

454 4140 553 4202 tellum
566 4142 683 4223 (Gangii
695 4142 818 4223 Gloss.).

494 4240 524 4297 s.
539 4243 636 4297 suncti
646 4237 733 4297 oodd.
751 4256 851 4297 omnes
867 4249 896 4296 et
909 4237 979 4298 edit.
991 4238 1138 4300 Benedict.
1154 4272 1190 4285 -
1202 4244 1299 4299 Vincet
1317 4239 1435 4319 reliquae
1442 4240 1512 4303 edd.

496 4338 525 4395 6.
543 4334 591 4395 Sic
608 4336 678 4398 edit.
699 4337 798 4398 Germ.
816 4369 856 4381 -
873 4336 1102 4396 blandibaliorum
1127 4336 1212 4399 codd.
1232 4371 1272 4384 —
1298 4337 1514 4398 Fraudibalarr'o·

454 4444 517 4484 rum
529 4426 614 4504 reliq.
627 4428 694 4487 edd.

494 4524 524 4581 7.
538 4526 622 4581 Intra
637 4526 714 4584 6265
731 4535 760 4582 et
771 4523 841 4587 edit.
855 4524 957 4586 Germ.
