3742 5667
498 820 555 876 ns
720 818 885 877 muvnrs
906 805 1117 877 eortrttrns
1136 818 1185 875 ns
1210 771 1344 876 sousa.

496 952 619 1025 missas
634 974 699 1023 nos
713 964 913 1047 expectaret
929 950 1168 1049 praecipimus,
1185 966 1221 1022 et
1234 949 1334 1047 quod
1350 948 1561 1023 offerebant

497 1092 540 1140 eo
555 1082 739 1165 praesente,
760 1064 857 1138 linita
877 1066 995 1157 Missa,
1014 1066 1144 1139 nostris
1169 1065 1378 1157 retulimus3
1395 1066 1457 1163 qui
1479 1064 1561 1137 hoc

496 1185 612 1283 ipsum
643 1182 771 1255 divinae
794 1180 1019 1255 ascribebant
1050 1182 1242 1277 largitioni,
1278 1206 1322 1254 eo
1352 1180 1452 1279 quod
1482 1181 1561 1253 hoc
1647 1217 1653 1225 ·

496 1300 612 1374 solum
630 1296 729 1395 quod
746 1296 881 1391 deerat,
899 1297 1001 1397 quod
1021 1298 1214 1398 quaerendo
1230 1298 1471 1395 fatigaremur,
1497 1297 1561 1369 in·

496 1416 639 1514 opinate
648 1413 898 1510 religiosorum
911 1414 1063 1486 fratrum
1078 1414 1327 1514 deportatione
1343 1413 1557 1510 delegasset.

549 1535 605 1603 Vl.
639 1530 794 1627 Urgebat
822 1529 990 1631 deinceps
1012 1556 1113 1604 noue
1132 1530 1211 1604 {ieri
1242 1529 1554 1604 consecrationem

502 1646 656 1721 ecclesiae
686 1662 761 1719 tam
789 1648 908 1746 operis
943 1646 1119 1720 laboriosa
1149 1646 1413 1721 consummatio
1441 1668 1556 1744 quam

499 1778 634 1855 nostra,
653 1788 732 1861 quar
743 1760 790 1835 ad
805 1763 876 1836 hoc
889 1762 953 1836 diu
962 1763 1202 1853 anhelaverat,
1214 1785 1383 1861 suspensa
1392 1760 1555 1835 devotio.

502 1882 545 1951 Et
561 1880 732 1975 quoniam
758 1894 833 1951 tam
849 1879 964 1977 ipsam
980 1903 1087 1978 quam
1103 1894 1308 1951 sanctorum
1321 1877 1558 1951 dominomm

499 2010 721 2086 nostrorum,
756 1994 855 2067 velut
878 2019 945 2094 pro
973 1996 1166 2091 gratiarum
1185 1994 1325 2067 actione
1355 2009 1391 2067 et
1422 1992 1561 2065 laboris

501 2110 612 2182 nostri
629 2110 828 2205 gratissimo
845 2109 977 2200 fructu,
1004 2110 1274 2182 translationem
1299 2108 1374 2181 lieri
1400 2108 1561 2181 celeber·

500 2224 626 2297 rimam
648 2225 809 2325 optando
829 2225 1095 2316 affectaremus,
1117 2227 1221 2321 regite
1245 2226 1438 2322 majestatis
1459 2249 1560 2298 sere·

501 2341 637 2411 nissimi
674 2342 766 2437 regis
797 2344 1017 2415 Francorum
1048 2341 1221 2414 Ludovici
1252 2340 1396 2439 placido
1433 2340 1561 2413 favore

500 2452 740 2555 (desiderabat
757 2456 853 2528 enim
878 2470 1017 2530 sanctos
1039 2460 1211 2554 Martyres
1228 2480 1311 2528 suos
1335 2469 1561 2554 protectores

498 2571 745 2645 ardentissime
762 2572 922 2667 videre),
940 2571 1037 2644 diem
1060 2572 1188 2668 agendi
1209 2569 1365 2643 secunda
1382 2572 1473 2668 junii
1490 2572 1560 2645 do·

503 2690 645 2779 rninica,
659 2688 825 2762 videlicet
836 2692 883 2760 lll
897 2688 1009 2779 idus¹‚
1023 2685 1124 2787 quod
1140 2703 1193 2760 est
1203 2684 1369 2759 Barnabae
1379 2687 1556 2785 Apostoli,

501 2804 662 2877 consulte
680 2806 946 2901 assignavimus.

550 2921 771 2994 lnvitatorias
786 2922 906 3021 itaque
922 2921 1057 2994 nuntiis
1073 2921 1207 3012 multis,
1227 2923 1333 2992 etiam
1350 2917 1559 2993 cursoribus

498 3052 532 3110 et
549 3035 775 3135 praeambulis
798 3061 891 3136 pene
909 3061 973 3136 per
988 3037 1172 3109 universas
1186 3036 1382 3110 Galliarum
1394 3036 1559 3131 regiones

498 3153 631 3224 litteras
657 3151 915 3248 delegavimus3
947 3152 1247 3251 archiepiscopos,
1276 3155 1482 3253 episcopos,
1513 3176 1557 3223 ex

499 3284 601 3366 parte
619 3273 832 3342 Sanctorum
860 3284 896 3341 et
920 3266 1044 3341 debito
1064 3268 1284 3366 apostolatus
1299 3293 1426 3341 eorum
1449 3284 1559 3341 tantae

499 3382 667 3457 interesse
693 3384 910 3458 solemnitati
937 3385 1057 3457 votive
1082 3384 1363 3458 sollicitavimus.
1390 3389 1558 3473 Quorum

421 3561 430 3578 .
497 3524 580 3573 cum
601 3498 731 3575 multos
745 3516 781 3573 et
794 3498 1011 3573 diversosad
1025 3500 1096 3573 hoc
1105 3499 1349 3600 peragendum
1358 3515 1554 3597 gratanter,

497 3614 692 3711 gratantius
713 3642 852 3709 ornnes,
875 3616 905 3687 si
928 3615 1006 3687 fieri
1034 3629 1167 3714 posset,
1185 3616 1455 3714 excepissemus.
1475 3620 1557 3716 lpse

496 3731 664 3803 dominus
676 3756 738 3802 rex
753 3730 968 3819 Ludovicus,
986 3746 1022 3803 et
1036 3732 1154 3827 regina
1176 3729 1306 3828 conjux
1326 3731 1403 3828 ejus
1419 3734 1552 3823 sanor,

496 3859 533 3917 et
550 3860 665 3917 mater
684 3846 773 3943 ejus,
800 3860 835 3918 et
853 3846 955 3942 regni
978 3846 1169 3944 optimates
1188 3845 1359 3943 perendie
1385 3844 1557 3918 adventa·

496 3978 594 4033 runt.
613 3965 666 4033 De
684 3960 833 4034 diversis
849 3962 1036 4033 nationum
1056 3976 1092 4032 et
1116 3983 1311 4056 regnorum
1327 3960 1553 4060 proceribus,

534 4214 562 4271 l.
580 4210 656 4271 Anni
671 4213 761 4281 tttt,
772 4207 855 4290 juxtl
868 4209 941 4269 illud
953 4209 1108 4271 distichum
1117 4208 1197 4289 quod
1211 4207 1242 4267 iu
1254 4206 1330 4267 libro
1343 4207 1446 4267 eodem
1462 4213 1555 4287 suge-

496 4304 554 4364 rius
568 4304 656 4365 refert
670 4324 677 4363 :

573 4436 673 4489 Annus
684 4434 815 4489 millenus
827 4446 957 4490 centenus
969 4444 1000 4489 et
1010 4432 1212 4509 quadragenus

614 4532 738 4601 Quartus
752 4540 814 4583 erat
834 4522 929 4607 Verbi,
945 4528 1058 4601 quando
1070 4538 1183 4586 sacmta
1197 4524 1267 4600 fuit.
