3742 5667
492 832 549 891 rso
703 828 867 887 oeuvars
887 814 1101 886 cosrrttrns
1121 827 1171 883 ue
1192 824 1327 886 sueta.

489 977 527 1036 et
555 962 805 1062 episcoporum
835 974 871 1033 et
899 958 1149 1055 religiosorum
1170 982 1278 1059 prece
1302 959 1475 1050 virorum,
1503 956 1552 1030 ab

489 1078 612 1153 illius¹
642 1079 744 1175 regni
770 1075 1013 1152 devastatione
1038 1091 1074 1148 et
1101 1100 1299 1176 pauperum
1323 1073 1553 1176 depressione

489 1196 548 1269 vix
563 1220 601 1269 se
612 1194 796 1269 continere
815 1192 996 1266 valebant.

537 1314 649 1385 Tanta
659 1310 767 1407 igitur
777 1325 901 1383 ettam
914 1306 1046 1383 celebri
1067 1309 1220 1408 potitus¹
1239 1308 1408 1381 victoria⁸
1437 1306 1551 1405 (idem

491 1428 588 1502 enim
598 1441 661 1499 aut
675 1425 836 1524 superius
847 1426 915 1499 luit
928 1449 1038 1524 quam
1053 1424 1082 1497 si
1098 1448 1227 1524 eampo
1243 1422 1550 1524 triumphassent),

491 1543 636 1618 Francis
668 1540 957 1641 repatriantibus,
982 1565 1044 1614 rex
1061 1539 1275 1614 exhilaratus
1297 1556 1364 1613 nec
1396 1541 1555 1636 ingratus

491 1659 538 1734 ad
555 1673 776 1759 protectores
791 1680 875 1731 suos
899 1657 1140 1731 sanctissimos
1159 1671 1335 1753 martyres
1350 1654 1556 1728 humillime

492 1776 650 1868 devenit,
668 1775 790 1873 eisque
813 1788 896 1874 post
918 1778 1038 1846 Deum
1067 1774 1197 1872 gratias
1222 1796 1370 1869 magnas
1399 1770 1556 1845 reserens

492 1916 664 1965 coronam
684 1890 796 1991 patris
821 1890 892 1981 sui,
918 1914 1028 1988 quam
1060 1889 1189 1986 injuste
1210 1889 1434 1960 retinuerat·
1454 1886 1556 1985 (jure

492 2006 589 2077 enim
607 2004 655 2077 ad
674 2004 756 2077 e0s⁸
773 2026 899 2075 omnes
913 2002 1124 2102 pertinent),
1140 2001 1369 2075 devotissime
1385 2001 1553 2091 restituit,

492 2120 675 2194 Indictum
690 2121 842 2192 exterius
857 2120 894 2191 in
912 2118 1029 2218 platea
1046 2117 1209 2215 (interius
1227 2117 1324 2189 enim
1337 2119 1556 2191 Sanctorum

492 2236 582 2334 erat)
614 2235 849 2309 libentissime
884 2233 1060 2323 reddidit,
1096 2234 1271 2308 viaturam
1303 2232 1557 2307 omnimodam

492 2351 626 2450 quibus
642 2353 764 2451 spatiis
779 2376 903 2425 cruces
922 2364 959 2424 et
977 2352 1155 2424 columnae
1174 2364 1381 2423 statuuntur
1397 2376 1558 2424 marmo-

492 2491 573 2554 reae,
590 2470 692 2567 quasi
711 2467 828 2541 Gades
845 2467 1007 2541 Herculis
1023 2467 1192 2541 omnibus
1212 2465 1421 2541 obsistentes
1444 2468 1558 2541 hosti-

492 2582 573 2673 bus,
594 2585 761 2683 praecepti
788 2584 874 2680 regii
903 2582 1175 2657 confirmatione
1202 2584 1404 2656 sanccivit⁸.
1431 2586 1559 2655 Sacras

493 2700 601 2771 etiam
621 2699 839 2772 venerabiles
855 2698 1173 2772 sacratissimorum
1195 2724 1391 2798 corporum
1413 2698 1560 2773 lecticas

494 2830 689 2912 argenteas,
708 2840 785 2912 quae
800 2814 901 2887 altari
919 2814 1105 2914 principali
1128 2816 1359 2914 superposita
1380 2830 1458 2888 toto
1480 2840 1560 2915 spa·

495 2931 547 3003 tio
560 2929 678 3003 bellici
696 2947 894 3005 conventus
910 2932 1113 3023 extiterant,
1129 2929 1192 3003 ubi
1204 2933 1378 3005 continuo
1393 2930 1559 3005 celeber-

494 3049 589 3121 rimo
607 3047 677 3121 diei
694 3064 730 3123 et
745 3050 861 3121 noctis
879 3048 1001 3123 officio
1020 3048 1173 3121 fratrum
1193 3046 1418 3141 colebantur,
1443 3048 1558 3121 multa

495 3163 716 3237 devotissimi
743 3163 868 3264 populi
884 3179 921 3237 et
936 3163 1179 3262 religiosarum
1198 3164 1406 3259 mulierum
1420 3164 1467 3237 ad
1482 3166 1558 3238 sul-

495 3279 708 3375 sragandum
736 3280 918 3365 exercitui,
935 3279 1255 3378 frequentabantur
1270 3281 1463 3380 multiplici
1480 3306 1560 3355 ora·

494 3396 605 3485 tione,
627 3422 689 3469 rex
705 3398 780 3495 ipse
794 3397 944 3495 proprio
957 3395 1049 3470 collo
1061 3397 1229 3470 dominos
1241 3413 1277 3470 et
1288 3412 1460 3495 patronos
1474 3424 1559 3471 suos

494 3536 578 3584 cum
594 3511 1046 3611 lachrymarumallluentia
1063 3511 1303 3586 filialiterloco
1317 3538 1383 3586 suo
1399 3528 1560 3614 reporta·
1589 3495 1595 3507 ⁸

495 3629 560 3719 vit,
585 3628 779 3727 multisque
799 3644 874 3701 tam
889 3644 992 3703 terrae
1019 3654 1127 3726 quam
1150 3628 1301 3702 aliarum
1320 3630 1561 3705 commodita-

498 3757 577 3817 tum
606 3744 775 3840 donariis,
807 3770 875 3845 pro
907 3745 965 3819 his
991 3760 1027 3819 et
1055 3746 1131 3819 aliis
1162 3746 1330 3847 impensis
1357 3746 1557 3840 beneficiis,

541 3995 571 4055 l.
587 3996 616 4052 A
628 3994 783 4052 theutonici
799 4004 883 4054 notat
899 3992 1051 4074 glossator.
1073 4026 1112 4041 -
1122 3998 1152 4057 2.
1171 3998 1276 4055 Positis
1291 3998 1361 4059 tta.

538 4090 569 4148 3.
582 4092 644 4148 Nec
654 4092 771 4146 multum
784 4101 900 4146 cruenta
910 4086 993 4147 addit
1006 4086 1157 4167 glossator.

538 4185 568 4243 l.
587 4187 729 4241 Tennerat
759 4182 827 4242 edd.
849 4182 949 4243 Germ.
965 4202 999 4241 ac
1017 4182 1175 4246 chesn-
1188 4190 1252 4245 Huc
1272 4204 1359 4262 usqae
1375 4185 1458 4247 addit
1479 4184 1559 4265 glos-

499 4287 588 4336 sator.
599 4278 634 4335 V.
648 4275 736 4356 intra,
751 4275 780 4334 in
795 4273 949 4338 observat.

538 4374 568 4432 s.
582 4374 688 4449 Regum
700 4372 895 4429 &cedentium
906 4369 988 4431 addit
1000 4372 1152 4451 glossator.

536 4466 569 4523 8.
597 4468 639 4523 Et
651 4484 709 4541 pro
730 4466 925 4541 satisfactione
942 4472 1051 4541 injuste
1073 4474 1247 4542 retentionis,
1268 4470 1435 4547 cergiacum
1450 4472 1557 4542 cilliam,

499 4577 561 4617 rant
569 4557 695 4622 amnibus
702 4565 896 4636 pertinentiis,
909 4581 1002 4621 eorum
1010 4566 1132 4621 ecclesie
1145 4561 1304 4623 liberaliter
1313 4569 1560 4643 concessitperpe-
