3742 5667
600 807 662 864 us
682 771 731 864 nu
752 805 864 864 sotus
884 807 932 864 sa
953 807 1060 867 snos.
1322 812 1356 868 at

296 935 401 1029 filios,
415 936 619 1011 Iohannem
646 952 682 1009 et
706 935 981 1010 Boamundnm:
998 937 1063 1010 sed
1079 937 1260 1010 lohannes
1277 949 1360 1011 ante

295 1079 407 1128 annos
418 1056 556 1128 militia
567 1057 605 1128 in
616 1053 743 1154 Apulia
756 1055 859 1128 obiit.
869 1053 1100 1128 Boamundus
1111 1077 1195 1127 vero
1209 1055 1361 1130 decorus

291 1171 445 1268 juvenis,
472 1169 739 1272 militiaeaptus,
769 1172 935 1272 princeps
966 1173 1080 1246 factus
1104 1173 1357 1266 antiochenus,

293 1311 378 1360 cum
397 1291 618 1364 Sarracenos
640 1290 814 1362 instanter
838 1290 949 1360 armis
968 1306 1120 1386 urgeret,
1142 1314 1209 1362 nec
1231 1313 1360 1362 eorum

292 1403 449 1479 zelantes
460 1407 616 1508 impetus
625 1402 763 1504 aliquid
775 1405 939 1499 duceret,
954 1407 1075 1479 minus
1084 1423 1189 1481 caute
1198 1432 1261 1478 eos
1270 1405 1361 1478 inse

291 1535 411 1614 cutus,
431 1523 569 1596 insidiis
586 1545 715 1596 eorum
730 1522 966 1622 interceptus,
982 1546 1067 1595 cum
1076 1539 1225 1596 centum
1239 1523 1360 1595 militi·

291 1634 359 1710 bus
374 1661 481 1736 aequo
497 1640 694 1713 animosior
707 1640 861 1713 infauste
881 1640 1117 1739 decapitatus,
1133 1639 1360 1712 Antiochiam

292 1768 427 1827 etcum
441 1755 568 1856 Apulia
580 1755 826 1828 vitamamisit
837 1759 858 1828 ¹.

339 1879 514 1975 Sequenti
541 1879 662 1976 itaque
693 1877 831 1976 praefati
867 1875 1068 1950 Boamundi
1100 1876 1360 1976 repatriationis

292 2016 387 2064 auno
395 1996 420 2083 ¹,
449 1993 662 2066 veneranda
688 1992 870 2066 memoriae
901 1991 1109 2066 universalis
1139 2007 1175 2066 et
1198 2017 1360 2065 summus

294 2109 452 2206 pontifex
478 2107 658 2182 Paschalis
689 2108 737 2181 ad
770 2123 887 2206 partes
918 2107 1157 2181 occidentales
1181 2107 1361 2180 accessit³

294 2249 374 2296 urm
395 2225 522 2298 multis
539 2238 575 2300 et
595 2226 864 2326 sapientissimis
880 2224 977 2316 viris,
996 2224 1173 2323 episcopis
1192 2239 1229 2296 et
1247 2224 1362 2296 cardi·

293 2341 446 2437 nalibus,
466 2359 503 2416 et
517 2349 762 2417 Romanorum
779 2343 957 2415 nobilium
978 2343 1163 2433 comitatu,
1183 2356 1224 2415 ut
1239 2366 1359 2439 regem

294 2461 515 2532 Francorum
544 2477 582 2532 et
610 2459 725 2532 filium
747 2483 870 2556 regem
896 2459 1119 2556 designatum
1135 2459 1360 2533 Ludovicum

295 2589 328 2648 et
344 2575 534 2650 ecclesiam
550 2577 773 2650 Gallicanam
787 2576 992 2648 consuleret
1014 2598 1123 2674 super
1141 2575 1360 2673 quibusdam

295 2691 467 2764 molestiis
487 2707 524 2764 et
544 2695 648 2765 novis
670 2693 887 2766 investiturae
909 2686 1153 2764 ecclesiastica
1165 2677 1357 2789 'querelis,

296 2805 525 2904 quibuscum
541 2825 579 2881 et
595 2808 785 2882 infestabat
797 2823 833 2880 et
849 2809 961 2905 magis
974 2808 1142 2880 infestare
1154 2805 1361 2879 minabatur

299 2926 469 2998 Heoricus
503 2927 702 3026 imperator
719 2930 742 3016 ⁸,
772 2927 825 2997 vir
851 2926 1002 2998 affectus
1025 2927 1165 3023 paterni
1191 2940 1229 2998 et
1249 2925 1360 2997 totius

299 3039 523 3116 humtmitatis
535 3068 678 3143 expers,
693 3043 757 3142 qui
771 3058 806 3115 et
820 3043 1018 3140 genitorem
1028 3043 1222 3115 Heuricum
1231 3041 1360 3114 crude·

300 3157 423 3231 lissinm
451 3177 662 3259 persecutus
685 3160 935 3253 exhaeredavit,
952 3174 1000 3252 et,
1019 3174 1060 3231 ut
1081 3158 1278 3250 ferebatur,
1296 3183 1360 3230 ne-

303 3275 461 3370 quissima
486 3278 654 3376 captione
682 3290 820 3369 tenens,
847 3277 1078 3349 inimicorum
1096 3275 1309 3349 verberibus
1323 3290 1361 3346 et

303 3389 442 3486 injuriis,
463 3407 504 3465 ut
521 3394 673 3490 insignia
695 3393 838 3489 regalia,
863 3392 1030 3465 videlicet
1057 3411 1243 3478 coronam,
1261 3415 1360 3490 scep

305 3519 390 3579 mim
405 3521 440 3579 et
457 3507 620 3582 lanceam
635 3510 749 3582 sancti
773 3509 927 3582 Mauritii
941 3508 1121 3596 redderet,
1136 3531 1204 3580 nec
1222 3505 1360 3604 aliquid

304 3620 420 3696 intoto
435 3645 548 3722 reguo
561 3627 750 3726 proprium
770 3626 974 3716 retineret⁸,
996 3625 1205 3725 impiissime
1226 3625 1357 3718 coegit.

341 3891 366 3949 1.
386 3887 553 3952 fliedesinit
561 3891 718 3952 secundum
730 3891 923 3968 fragmentum
934 3890 1001 3953 cod.
1015 3893 1074 3950 133
1086 3889 1239 3952 insertum.

342 3985 369 4045 2.
388 3985 422 4043 td
434 3998 477 4045 est
490 4007 568 4046 anno
582 3990 670 4049 1107.
686 4019 725 4034 -
733 3982 787 4044 Hic
803 3983 906 4062 incipit
920 3985 1113 4062 fragmentum
1123 3983 1241 4044 tertium
1255 3983 1359 4044 amem

306 4077 367 4136 eod.
384 4078 532 4154 insertum,
550 4101 639 4140 mann
653 4091 804 4140 exaratum
819 4077 992 4149 recentiori,
1010 4097 1077 4138 cnm
1093 4078 1140 4138 his
1151 4077 1251 4138 verbis
1264 4081 1361 4159 prali-

305 4169 362 4228 xis:
376 4175 451 4230 Anno
465 4177 618 4233 Domintcae
631 4175 836 4232 iucarnationis
845 4177 886 4234 Μ
891 4175 955 4244 CV,
966 4176 1130 4232 meronda
1138 4174 1289 4249 mensoria,
1301 4183 1359 4233 etc.

346 4267 370 4326 3.
388 4270 512 4326 Accessit
520 4268 572 4327 dat
584 4268 614 4328 iu
631 4267 763 4346 margine
777 4267 856 4326 solus
871 4268 962 4340 6265,
976 4285 1063 4344 qnam
1084 4266 1240 4327 lectionem
1264 4266 1361 4327 admi-

305 4371 396 4418 semnt
410 4360 598 4425 Benedictini.

348 4454 373 4512 l.
389 4453 527 4513 Henricas
534 4458 572 4527 V,
583 4454 634 4534 qui
646 4453 722 4534 patri
733 4471 811 4514 anno
823 4455 903 4516 1106
918 4454 1063 4518 successit.

351 4549 374 4607 t.
395 4551 505 4605 Tenere!
518 4551 588 4622 133,
606 4551 693 4611 6265.
