3742 5667
452 740 527 798 solt
547 739 618 798 SON
637 739 958 797 ADMlNlSTllATION
980 741 1198 799 ABBATIALE.
1294 745 1346 799 tot

284 864 513 942 fundationis
529 885 566 942 et
581 869 785 944 donationis
796 883 831 942 et
843 868 1157 943 confirmationum
1171 872 1353 969 privilegia

285 980 396 1056 bonae
412 984 596 1058 memoriae
614 1009 715 1084 papae
735 986 897 1057 Honorio
918 988 1068 1056 Romam
1086 984 1348 1081 delegavimus;

286 1098 515 1197 postulantes
530 1116 570 1175 ut
582 1102 757 1198 justitiam
769 1117 928 1175 nostram
942 1100 1115 1174 canonico
1128 1104 1355 1201 investigaret

287 1228 325 1284 et
343 1218 552 1290 restitueret
567 1218 751 1290 scrutinio.
767 1218 852 1307 Qui,
869 1232 910 1289 ut
926 1232 1003 1289 erat
1017 1219 1072 1289 vir
1084 1219 1222 1291 consilii
1236 1232 1272 1291 et
1283 1219 1355 1315 jus·

290 1331 378 1403 titiae
395 1347 508 1425 tutor,
523 1348 597 1405 tam
612 1357 679 1431 pro
695 1348 819 1406 nostra
835 1333 971 1430 justitia
988 1356 1098 1429 quam
1111 1357 1179 1432 pro
1201 1334 1357 1407 enormi-

289 1462 367 1518 tate
392 1446 656 1520 monacharum
680 1446 817 1520 ibidem
841 1448 935 1520 male
961 1448 1170 1536 viventium,
1201 1449 1357 1523 eundem

291 1562 401 1635 nobis
424 1564 548 1636 locum
572 1587 657 1635 cum
683 1561 903 1661 appendiciis
925 1562 1011 1654 suis,
1037 1577 1078 1636 ut
1101 1564 1358 1639 reformaretur

292 1675 346 1749 ihi
361 1676 542 1775 religionis
557 1678 662 1768 ordo,
682 1678 850 1750 restituit.
868 1681 941 1748 Rex
958 1702 1045 1750 vero
1060 1676 1261 1753 Ludovicus
1273 1680 1359 1751 Phi·

293 1793 399 1894 lippi,
417 1794 647 1867 charissimus
660 1792 829 1867 dominus
845 1809 882 1866 et
900 1793 1037 1865 amicus
1050 1808 1185 1888 noster,
1208 1796 1360 1868 eandem

293 1911 562 1983 restitutionem
577 1907 825 2001 confirmavit3
846 1923 882 1980 et
897 1932 1135 2007 quacumque
1151 1911 1280 2007 regalia
1295 1909 1362 1983 ibi·

297 2024 382 2098 dem
409 2024 579 2111 habebat,
608 2024 819 2098 anctoritate
845 2026 948 2120 regiae
971 2027 1174 2122 majestatis,
1206 2027 1361 2100 ecclesiae

297 2158 477 2242 praecepto
494 2143 661 2216 firmavit.
680 2144 789 2240 Cujus
807 2142 956 2241 quidem
970 2146 1246 2243 recuperationis
1259 2161 1361 2220 teno-

299 2284 375 2331 rem
402 2261 432 2330 si
446 2260 527 2356 quis
540 2258 681 2358 plenius
702 2282 807 2331 nosse
822 2258 989 2351 voluerit,
1007 2260 1043 2331 in
1062 2261 1165 2332 cartis
1182 2286 1307 2357 regum
1325 2277 1361 2334 et

301 2375 493 2474 privilegiis
504 2374 1016 2474 Apostolicorumenucleatius
1029 2376 1163 2473 poterit
1174 2378 1359 2475 reperire¹.

302 2491 410 2588 Cujus
433 2490 566 2563 scilicet
590 2489 743 2563 abbatiae
767 2505 804 2562 et
833 2488 1142 2589 appendiciorum,
1173 2516 1253 2589 quae
1279 2506 1364 2565 sunt

302 2608 709 2705 Trappae,Herencurtis,
723 2606 979 2696 Chaveniacus,
1002 2605 1251 2699 Burdeniacus,
1269 2608 1365 2681 Ceri-

303 2722 431 2813 siacus,
450 2737 486 2794 et
504 2738 597 2794 terra
616 2722 662 2794 de
674 2726 795 2794 Monte
805 2721 956 2794 Meliano
968 2736 1004 2793 et
1021 2722 1208 2813 Bunziaco,
1228 2724 1302 2796 sive
1318 2721 1363 2796 de

304 2836 511 2909 Mosteriolo
526 2837 627 2935 quod
643 2851 697 2908 est
711 2861 823 2935 prope
841 2835 1069 2926 Milidunum,
1092 2851 1127 2908 et
1142 2836 1296 2909 aliorum
1313 2839 1364 2909 in·

306 2969 527 3027 crementum
546 2954 672 3051 quanti
688 2968 840 3045 constet,
869 2953 931 3049 qui
949 2954 1127 3051 sapienter
1151 2952 1213 3027 illa
1232 2968 1367 3027 tracta-

306 3068 396 3143 bunt
411 3094 482 3169 pro
496 3094 626 3167 magno
640 3068 776 3168 praelati
786 3093 1002 3164 cognoscere
1018 3083 1202 3167 poterunt.

352 3190 407 3258 De
421 3187 571 3283 antiquo
587 3210 695 3257 censu
715 3185 921 3281 argentoili,
942 3185 1003 3282 qui
1026 3183 1073 3257 ad
1087 3185 1271 3259 abbatiam
1289 3209 1363 3259 non

310 3301 474 3401 pertinet,
491 3302 752 3374 incrementum
770 3315 823 3373 est
831 3301 956 3396 viginti
965 3299 1158 3394 librarum3
1170 3304 1266 3400 quia,
1284 3326 1369 3375 cum

312 3418 395 3491 olim
429 3442 505 3491 non
533 3416 748 3489 haberemus
777 3416 844 3489 nisi
870 3417 995 3513 viginti
1016 3416 1147 3509 libras,
1174 3418 1286 3491 modo
1315 3420 1374 3491 XL

312 3534 523 3609 redduntur.
551 3538 606 3607 De
625 3557 766 3608 annona
794 3534 892 3632 prius
912 3558 973 3605 sex
993 3532 1145 3626 modios,
1168 3532 1280 3607 modo
1307 3538 1370 3605 XV

314 3652 516 3751 recipimus.

656 3886 717 3957 lv.
740 3888 792 3955 Dc
805 3883 1020 3957 Vilcassr'ao.

366 4080 546 4156 vilcassini
561 4081 752 4182 siquidem,
768 4078 868 4179 quod
880 4095 935 4152 est
947 4077 1040 4151 inter
1050 4082 1184 4151 Isaram
1197 4092 1233 4150 et
1243 4081 1374 4166 Euam,

319 4199 477 4274 nobilem
514 4200 737 4287 comitatum,
769 4222 879 4296 quem
906 4194 1100 4295 perhibent
1133 4194 1377 4267 immunitates

360 4386 388 4442 1.
409 4381 452 4441 Cl.
474 4380 636 4460 prasertim
655 4375 794 4459 epistolas
813 4376 853 4437 ad
875 4376 931 4435 hoc
955 4372 1104 4455 negotium
1125 4384 1378 4455 spectantesque

323 4474 395 4535 inlr'a
406 4475 532 4536 edumm
545 4473 590 4534 rel
603 4472 780 4534 indicantur.

1221 4572 1254 4627 ll
