3742 5667
704 859 766 916 Vnt
789 859 835 915 llll
856 859 989 916 SUGER.
1318 863 1377 918 tta

319 1007 438 1063 tamen
456 989 555 1089 quod
574 988 619 1060 ad
630 979 703 1062 'nos
718 991 844 1064 attinet
860 989 1002 1064 solliciti
1014 1016 1149 1076 sumus,
1165 1016 1212 1063 ne
1228 992 1377 1065 immen-

318 1109 364 1180 sis
388 1109 477 1179 tanti
501 1107 610 1207 patris
634 1106 816 1180 beneficiis
832 1122 864 1179 et
885 1108 1020 1180 meritis
1042 1109 1168 1204 ingrati
1187 1122 1223 1180 et
1247 1109 1375 1182 imme-

318 1247 436 1296 mores
468 1247 714 1322 appareamus.
750 1225 829 1295 Non
856 1221 956 1322 quod
986 1225 1107 1295 omnia
1137 1225 1275 1319 egregia
1300 1226 1376 1322 ejus

318 1340 410 1411 lacta
438 1338 494 1410 vel
522 1337 646 1411 laudes
670 1338 738 1410 bac
761 1337 863 1412 brevi
889 1338 1034 1412 scedula
1063 1338 1168 1438 plene
1199 1342 1376 1440 possimus

318 1453 635 1557 comprehendere,
653 1455 786 1554 quippe
800 1455 932 1554 quibus
944 1455 1161 1556 explicandis
1174 1481 1248 1529 non
1264 1482 1376 1556 parvo

318 1569 502 1644 volumine
528 1567 583 1640 vel
608 1567 783 1642 mediocri
811 1571 954 1666 ingenio
978 1595 1070 1668 opus
1098 1571 1144 1643 sit
1170 1597 1179 1642 x
1205 1572 1376 1644 nimirum

317 1710 401 1758 cum
416 1699 452 1757 et
468 1685 560 1756 lama
582 1685 704 1757 minor
723 1687 872 1776 meritis,
891 1701 929 1758 et
951 1685 1028 1758 laus
1048 1686 1242 1760 virtutibus
1262 1689 1377 1787 impar

318 1791 456 1874 existat.
485 1801 573 1888 Quis
605 1803 701 1873 enim
733 1803 809 1898 ejus
835 1802 946 1873 vitam
974 1800 1084 1897 digno
1112 1805 1224 1900 possit
1245 1803 1377 1876 ellerre

317 1917 523 2016 preconio?
538 1918 627 2005 Quis
640 1917 733 1990 illius
746 1942 766 1989 a
777 1919 965 2016 juventute
980 1919 1322 2014 magnanimitatem,
1342 1938 1377 1994 et

318 2047 391 2104 tam
415 2033 453 2104 in
478 2031 587 2104 rebus
614 2031 856 2105 ecclesiasticis
875 2057 984 2132 quam
1000 2048 1036 2106 et
1052 2033 1270 2107 secularibus
1294 2039 1378 2109 satis

318 2149 429 2246 possit
454 2148 577 2220 mirari
597 2147 850 2248 prudentiam?
866 2149 975 2244 Cujus
994 2149 1088 2221 circa
1115 2149 1278 2222 divinum
1301 2148 1377 2222 cul-

319 2277 395 2334 tum
424 2262 654 2359 vigilantiam,
673 2264 767 2336 circa
796 2263 953 2337 ecclesiae
981 2280 1148 2337 ornatum
1173 2265 1377 2339 instantiam

317 2403 425 2450 nemo
452 2377 672 2452 sufficienter
693 2379 834 2452 referet.
862 2379 928 2452 Cui
952 2381 1131 2479 praecipua
1146 2405 1288 2481 semper
1310 2381 1377 2456 luit

316 2495 469 2568 intentio
491 2494 545 2566 vel
572 2492 757 2568 studium¹
782 2510 824 2568 ut
847 2495 971 2568 nobile
994 2495 1089 2568 beati
1117 2496 1278 2595 Dionysii
1301 2523 1379 2570 mo

317 2610 513 2683 nasterium
530 2609 762 2706 omnigloria
785 2610 975 2684 ethonore
999 2611 1192 2704 attolleret,
1215 2614 1378 2709 religiose

317 2725 515 2818 ordinaret,
538 2741 574 2798 et
592 2725 777 2798 ecclesiam
801 2725 1004 2799 redditibus
1025 2726 1246 2825 opulentam,
1264 2727 1377 2801 aedili·

316 2841 380 2912 ciis
420 2840 652 2940 ampliorem,
687 2843 909 2914 ornamentis
947 2843 1154 2915 decoratam
1194 2841 1374 2916 redderet.

317 2956 426 3052 Cujus
444 2957 494 3029 rei
518 2958 598 3030 luce
614 2955 766 3030 clariora
783 2971 904 3030 extant
921 2956 1065 3049 indicia,
1081 2982 1196 3055 usque
1214 2957 1251 3028 in
1269 2956 1377 3030 finem

317 3071 426 3144 secun
441 3095 687 3170 permansura.
710 3070 813 3143 Unde
835 3074 1006 3145 veraciter
1022 3087 1059 3144 et
1075 3096 1198 3144 secure
1222 3073 1377 3145 Domino

317 3187 507 3260 decantare
522 3202 640 3287 potest
657 3217 664 3259 :
686 3189 852 3278 Domine,
866 3185 982 3259 dilexi
992 3187 1155 3260 decorem
1173 3187 1298 3261 domus
1311 3205 1379 3261 aaa

316 3319 353 3374 et
370 3302 485 3376 locum
499 3303 728 3376 habr'mtionis
734 3303 858 3402 glorie
872 3306 972 3376 tuae'.
984 3307 1144 3377 Acumen
1153 3305 1300 3400 ingenii,
1315 3305 1379 3378 lin·

317 3443 393 3514 guae
411 3421 520 3511 nitor,
540 3420 739 3492 litterarum
765 3419 923 3509 scientia,
944 3418 1103 3492 dictandi
1127 3418 1379 3518 scribendique

317 3535 444 3633 peritia
455 3535 560 3608 simul
579 3551 614 3608 et
623 3535 846 3630 singulariter
858 3536 896 3606 io
907 3560 952 3608 eo
966 3532 1254 3634 resplendebant,
1268 3551 1308 3607 ut
1319 3535 1377 3607 vix

316 3651 444 3748 aliquis
457 3648 658 3748 sciretquid
670 3649 803 3722 horum
817 3651 853 3722 in
870 3650 932 3722 illo
945 3651 1171 3748 potissimum
1182 3652 1375 3740 eminerex3

317 3789 400 3838 cum
417 3767 454 3839 id
470 3769 581 3863 magis
597 3766 634 3838 in
650 3765 710 3838 illo
727 3764 889 3838 mirabile
905 3765 1020 3839 videri
1033 3781 1172 3864 posset,
1190 3763 1290 3864 quod
1304 3789 1377 3837 non

319 3896 429 3972 tente,
447 3907 520 3956 non
536 3882 653 3972 anxie,
671 3880 735 3954 sed
750 3879 877 3954 eadem
893 3906 986 3980 pene
1001 3907 1073 3980 qua
1088 3881 1304 3980 loquebatur
1319 3906 1377 3953 ce-

319 3996 483 4071 leritate⁸
508 3998 698 4071 scribebat.
727 4001 769 4070 In
788 3997 867 4096 ipso
886 4023 960 4070 non
978 3999 1097 4070 solum
1112 3998 1284 4071 naturalis
1303 4023 1380 4070 me·

318 4115 443 4188 moriae
459 4114 608 4187 felicitas
625 4112 779 4210 vigebat,
799 4112 862 4186 sed
886 4127 922 4185 et
947 4137 1005 4184 ars
1028 4138 1168 4186 summa
1183 4112 1253 4186 ad*
1277 4137 1379 4186 com·

359 4399 388 4454 l.
408 4397 596 4453 Valetudinem
611 4395 715 4454 desunt
727 4393 758 4454 in
772 4393 819 4454 ed.
835 4392 900 4456 bar.
919 4393 957 4454 de
968 4393 1088 4458 altolto.

358 4492 388 4552 Ξ.
404 4486 509 4550 Psalm.
525 4509 597 4561 xxv,
611 4509 640 4547 v.
654 4491 685 4550 8.
705 4521 746 4535 -
767 4493 796 4549 3.
808 4492 988 4562 Sca-ternae,
1002 4487 1152 4562 mendose,
1164 4489 1229 4552 cod.
1245 4508 1299 4549 ms.

359 4586 388 4642 lt.
404 4585 453 4640 Ad
467 4581 546 4641 deest
561 4583 592 4641 in
602 4582 667 4641 edd.
686 4579 825 4642 Felibieni
838 4595 865 4641 et
884 4583 993 4642 Bened.
