3742 5667
486 767 524 824 rc
698 759 861 822 morans
882 748 1096 824 munieras
1116 767 1166 823 ns
1186 766 1340 844 suern..
1372 773 1379 778 ⁷

486 898 638 998 rapiant,
657 899 883 996 promittens.
911 896 974 968 llis
987 897 1094 993 igitur
1109 912 1145 970 et
1163 897 1371 993 hujusmodi
1386 899 1542 998 promis·

413 1015 416 1026 ’
486 1012 658 1105 sionibus,
676 1028 712 1085 et
737 1013 870 1086 crebris
885 1013 1165 1112 promissionum
1179 1012 1442 1088 redditionibus
1449 1039 1543 1118 per·

484 1130 608 1222 cussis,
635 1130 720 1228 quia
737 1128 903 1229 pollicitis
930 1129 1031 1202 dives
1052 1129 1201 1227 quilibet
1215 1154 1290 1203 esse
1312 1144 1444 1229 potest,
1462 1131 1543 1204 silet

485 1263 581 1320 terra
600 1247 638 1317 iu
657 1259 851 1345 conspectu
875 1246 977 1343 ejus¹3
995 1270 1122 1345 pacem
1142 1260 1283 1318 servant
1299 1246 1416 1337 inviti,
1430 1246 1543 1320 semei

486 1367 669 1435 Danorum
680 1362 937 1460 propagatione
950 1364 1047 1461 pacis
1060 1378 1221 1462 expertes
1233 1363 1442 1454 ttormanni,
1458 1378 1494 1435 et
1503 1364 1542 1434 in

488 1479 558 1552 hoc
575 1480 652 1578 ipso
669 1478 757 1549 vatis
769 1479 913 1575 agrestis
925 1480 1068 1552 oracula
1080 1477 1317 1552 verificantes.
1334 1479 1430 1551 Perit
1443 1479 1542 1552 enim

486 1595 680 1668 milvorum
698 1595 887 1694 rapacitas,
912 1609 948 1668 et
961 1594 1086 1668 dentes
1101 1594 1272 1694 luporum
1292 1593 1540 1686 hebetantur’,

485 1734 568 1782 cum
590 1733 658 1782 nec
677 1709 817 1783 nobiles
838 1734 905 1783 nec
921 1708 1095 1806 ignobiles
1114 1709 1312 1808 depraedari
1332 1726 1394 1784 aut
1413 1734 1542 1809 rapere

485 1850 711 1924 quacumque
732 1825 880 1898 audacia
908 1839 1144 1924 praesumunt.
1167 1825 1275 1913 Quod
1297 1841 1417 1900 autem
1438 1825 1540 1915 dicit,

487 1971 504 2007 a
517 1941 563 2014 ad
576 1942 733 2038 rugitum
745 1942 858 2014 leonis
866 1941 1011 2038 justitiae
1020 1941 1199 2040 gallicanae
1210 1957 1328 2016 turres
1338 1956 1373 2015 et
1388 1943 1544 2016 insulani

484 2053 657 2132 dracones
677 2056 895 2147 tremebunt,
910 2089 927 2124 a
946 2058 1019 2131 huc
1034 2057 1173 2130 accedit
1195 2058 1295 2155 quod
1318 2057 1393 2132 fere
1413 2083 1544 2132 omnes

484 2186 598 2244 turres
620 2187 654 2245 et
671 2172 922 2272 quaecumque⁸
949 2175 1139 2248 fortissima
1164 2189 1277 2248 castra
1301 2176 1542 2260 Normanniae,

484 2315 563 2390 quae
583 2315 666 2390 pars
689 2308 742 2366 εει
766 2291 900 2382 Galliae,
928 2309 990 2366 aut
1014 2318 1180 2368 eversum
1199 2294 1244 2365 iri
1265 2294 1363 2385 fecit,
1380 2309 1443 2367 aut
1458 2318 1545 2366 suos

483 2405 669 2480 intrudens
684 2423 720 2480 et
735 2407 781 2480 de
794 2408 942 2508 proprio
954 2409 1078 2482 aerario
1094 2433 1304 2508 procurans,
1323 2423 1386 2483 aut
1398 2410 1427 2481 si
1440 2408 1544 2482 diru-

484 2525 541 2594 ιεδ
556 2539 685 2613 essent,
706 2525 860 2624 propriae
870 2526 1046 2598 voluntati
1059 2523 1272 2622 subjugavit.
1290 2523 1445 2597 lnsulani
1461 2525 1545 2597 dra·

364 2649 368 2674 ⁸
437 2702 439 2707 .
484 2662 592 2710 eones
608 2653 844 2734 tremuerunt,
872 2667 956 2715 cum
973 2641 1192 2737 quicumque
1214 2639 1345 2736 Angliae
1361 2665 1541 2740 proceres,

483 2775 550 2824 nec
563 2755 684 2826 etiam⁸
697 2756 826 2829 mutire
840 2771 915 2830 tota
930 2757 1006 2854 ejus
1017 2756 1324 2830 administratione
1347 2780 1544 2857 presump-

484 2885 621 2946 serunt.
641 2875 680 2943 ln
694 2870 822 2945 diebus
847 2873 936 2969 ejus,
963 2897 1093 2945 aurum
1114 2898 1159 2945 er
1173 2872 1264 2963 lilio,
1293 2870 1394 2971 quod
1417 2889 1471 2946 est
1496 2899 1543 2945 ex

483 2983 652 3081 religiosis
663 2985 749 3059 boni
758 2986 895 3078 odoris,
908 3003 944 3061 et
958 3013 1001 3061 ex
1018 2989 1143 3077 urtica,
1153 2987 1254 3085 quod
1270 3002 1326 3060 est
1338 3011 1382 3060 ex
1398 2987 1545 3060 sarcula·

483 3099 582 3174 ribus
603 3104 857 3201 pungentibus,
874 3105 920 3178 ab
948 3130 993 3178 eo
1012 3103 1289 3202 extorquebatur
1313 3102 1405 3177 :boc
1425 3105 1544 3176 inten-

483 3213 571 3288 dens
595 3232 654 3310 ut,
681 3219 772 3292 sicut
798 3218 967 3294 omnibus
987 3218 1213 3319 proficiebat,
1239 3217 1286 3291 ab
1315 3218 1486 3292 omnibus
1506 3221 1540 3292 ei

482 3333 685 3408 serviretur.
704 3335 828 3408 Tutius
836 3350 890 3409 est
903 3337 1002 3409 enim
1016 3361 1145 3428 unum,
1158 3350 1200 3409 ut
1215 3360 1342 3408 omnes
1353 3335 1539 3425 defendat,

481 3445 528 3519 ab
550 3449 719 3522 omnibus
739 3450 883 3541 habere,
907 3476 1017 3548 quam
1041 3474 1117 3523 non
1138 3449 1306 3523 babendo
1326 3474 1391 3549 per
1424 3476 1541 3523 unum

482 3582 607 3632 omnes
632 3560 808 3660 deperire.
836 3567 1029 3658 Argentum
1059 3586 1103 3633 ex
1133 3560 1274 3657 ungulis
1306 3562 1542 3657 mugientium

482 3673 660 3767 manabat,
687 3701 771 3750 cum
792 3677 898 3750 ruris·
919 3678 1090 3749 securitas
1110 3676 1328 3750 horreorum
1351 3677 1543 3775 plenitudi-

481 3816 584 3883 nem,
613 3791 830 3866 horreorum
863 3792 1050 3893 plenitudo
1079 3794 1213 3889 argenti
1248 3792 1390 3892 copiam
1421 3792 1541 3891 plenis

481 3907 618 3981 scriniis
636 3907 870 3982 ministrabat.
893 3913 973 3997 Qua
996 3909 1180 3982 occasione
1196 3925 1232 3982 et
1248 3923 1405 3982 castrum
1418 3912 1542 3982 Gisor-

520 4114 550 4173 1.
570 4136 585 4166 c
604 4114 690 4172 Sr'lut’t
709 4125 787 4170 terro
809 4116 838 4170 ln
859 4125 1007 4190 conspecto
1028 4119 1100 4186 ejus.
1124 4138 1138 4166 ι
1162 4109 1241 4192 (ttb.
1266 4111 1429 4186 llaocbab„
1455 4133 1479 4187 1,
1500 4117 1541 4188 ³3

480 4201 779 4355 ¹¹’ll²lll¹betolmntur
789 4299 800 4354 1
810 4297 858 4369 35,
873 4308 960 4374 atque
974 4294 1040 4356 edd.
1055 4297 1154 4355 Germ.
1170 4307 1200 4354 et
1213 4294 1317 4354 Cbesn.

519 4389 549 4451 3.
566 4391 687 4468 Quaeque
700 4395 770 4464 133,
783 4393 853 4468 tta,
873 4393 981 4450 12710.
1003 4422 1044 4435 -
1063 4394 1094 4449 4.
1112 4394 1240 4466 ὒὶνιιρω
1253 4389 1323 4464 133,
1339 4391 1409 4463 543,
1427 4391 1539 4453 19710.

520 4487 549 4546 t.
562 4488 623 4545 Nec
636 4487 666 4542 in
679 4504 741 4542 eum
754 4487 823 4545 133.
838 4515 877 4531 -
898 4487 928 4550 6.
950 4489 1048 4544 Turris
1061 4483 1129 4545 edd.
1145 4483 1244 4546 Germ.
1257 4493 1287 4542 et
1298 4481 1402 4544 Cheru.
