3742 5667
503 822 561 881 rto
721 820 884 877 ‹nnvnes
904 800 1119 877 courntrns
1139 817 1189 873 on
1210 816 1343 874 suono.

448 1009 452 1025 .
501 950 641 1047 augusti
655 954 678 1043 ¹,
704 949 869 1047 spiritum
895 948 1025 1021 emisit.
1056 952 1147 1019 Cum
1169 961 1289 1019 autem
1313 945 1440 1018 eadem
1472 943 1573 1016 bora

500 1092 632 1167 corpus
658 1065 734 1162 ejus
761 1064 919 1163 pretioso
949 1063 1059 1161 pallio
1082 1061 1285 1135 involutum
1308 1059 1355 1133 ad
1372 1060 1571 1134 ecclesiam

500 1199 705 1256 sanctorum
721 1185 919 1279 Martyrum
935 1178 1124 1277 sepulturae
1137 1178 1401 1275 deportaretur,
1417 1192 1456 1250 et
1471 1198 1572 1275 prae-

500 1300 684 1373 cessissent
715 1297 778 1394 qui
811 1295 1001 1394 sepulturae
1040 1295 1163 1367 locum
1193 1292 1415 1390 adaptarent,
1445 1316 1570 1364 unum

500 1415 647 1509 contigit
658 1411 758 1510 quod
773 1411 914 1483 silentio
936 1411 1120 1510 praetcrire
1138 1408 1287 1505 dignum
1309 1434 1383 1481 non
1399 1407 1567 1481 videtur.

549 1534 641 1603 Cum
662 1529 759 1600 enim
784 1527 949 1625 praesatus
977 1552 1038 1599 rex
1066 1525 1255 1599 nobiscum
1272 1523 1494 1597 conferendo
1516 1522 1569 1596 de

501 1640 690 1743 sepulturis
704 1667 829 1737 regum
847 1640 1042 1740 aliquando
1055 1656 1117 1713 aut
1131 1641 1255 1739 saepius
1273 1656 1403 1738 ageret,
1422 1640 1570 1713 felicem

501 1761 577 1834 lore
595 1758 773 1833 asserebat
797 1758 861 1855 qui
884 1760 978 1829 inter
991 1757 1222 1829 sacratissima
1238 1773 1366 1831 sanctae
1382 1756 1571 1830 Trinitatis

502 1891 538 1948 et
560 1890 769 1948 sanctorum
794 1876 991 1969 Martyrum
1021 1872 1144 1945 altaria
1175 1874 1318 1973 sepeliri
1343 1887 1562 1963 mereretur,

501 1991 673 2089 quoniam
690 2004 727 2061 et
743 2003 952 2061 sauctorum
968 1987 1134 2085 suffiagio
1147 2004 1183 2061 et
1197 1987 1469 2062 adventantium
1486 2012 1574 2060 ora·

502 2104 660 2178 tionibus
686 2118 916 2203 peccatorum
942 2105 1083 2176 veniam
1107 2102 1300 2193 obtineret,
1330 2129 1372 2175 ex
1395 2104 1467 2175 hoc
1484 2104 1569 2202 ipso

502 2222 608 2295 tacite
621 2220 845 2293 voluntatem
862 2245 964 2292 suam
989 2219 1201 2315 significans.
1230 2224 1322 2291 Cum
1342 2236 1476 2310 autem,
1495 2244 1569 2291 an·

502 2352 649 2435 tequam
665 2362 749 2409 cum
766 2336 839 2409 filio
863 2337 1070 2427 exissemus,
1086 2360 1171 2407 cum
1188 2334 1382 2407 venerabili
1407 2334 1570 2409 ecclesiae

502 2453 623 2551 priore
654 2456 809 2541 Herveo,
841 2450 1061 2551 sepulturam
1077 2451 1152 2549 ejus
1182 2466 1264 2523 ante
1291 2450 1400 2524 altare
1430 2467 1566 2524 sanctae

501 2568 693 2660 Trinitatis,
715 2592 757 2639 ex
788 2568 982 2666 opposito'
1013 2567 1142 2639 tumuli
1173 2568 1291 2639 Caroli
1318 2569 1561 2666 imperatoris,

502 2683 683 2757 mediante
709 2684 812 2754 altari
836 2681 1127 2780 providissemus,
1145 2698 1321 2782 occupato
1345 2684 1566 2760 loco-Carlo-

502 2799 642 2872 manni⁸
657 2804 876 2871 Francorum
893 2799 985 2895 regis
997 2800 1179 2897 sepultura
1189 2804 1217 2889 ⁴,
1244 2800 1329 2898 quia
1343 2824 1410 2873 nec
1425 2798 1478 2873 tas
1493 2827 1568 2877 nec

502 2913 726 2988 consuetudo
740 2914 916 3011 permittit
936 2938 1036 3009 reges
1055 2914 1282 3012 exhospitari,
1299 2914 1398 3013 quod
1421 2940 1563 3015 propo·

502 3055 685 3103 sueramus
698 3030 775 3102 fieri
793 3055 866 3102 non
894 3031 1024 3126 potuit.
1044 3029 1112 3102 Ubi
1129 3044 1248 3103 autem
1267 3031 1342 3128 ipse
1357 3032 1458 3129 quasi
1473 3057 1564 3130 qua·

503 3145 588 3218 dam
621 3146 826 3244 pronostica
866 3161 1147 3244 praeoptaverat,
1182 3162 1394 3221 attentantes
1433 3164 1565 3221 contra

502 3261 668 3333 omnium
685 3260 892 3358 opinionem
926 3259 1066 3356 (omnes
1082 3263 1180 3333 enim
1201 3262 1415 3361 impeditum
1440 3262 1566 3336 locum

503 3374 754 3473 mstimabant),
783 3389 956 3472 quantum
982 3399 1049 3447 nec
1075 3376 1156 3475 plus
1177 3402 1246 3450 neo
1268 3379 1387 3450 minus
1408 3378 1568 3476 longitu-

407 3494 417 3518 ⁸
504 3489 580 3562 dini
610 3504 646 3562 et
671 3489 850 3562 latitudini
875 3491 1036 3590 corporis
1060 3493 1136 3589 ejus
1157 3494 1408 3586 conveniebat,
1440 3494 1565 3569 locum

502 3622 722 3679 reservatum
744 3607 984 3680 invenerunt⁸.
1000 3606 1067 3679 Ubi
1084 3633 1168 3681 cum
1188 3612 1393 3683 orationum
1410 3626 1446 3684 et
1461 3610 1567 3711 hym·

456 3823 458 3830 ·
545 3790 574 3846 t.
587 3787 697 3865 Nempe
708 3806 785 3845 anno
801 3785 907 3846 Christi
921 3790 1010 3862 1137,
1026 3786 1073 3847 oui
1092 3800 1212 3849 mortem
1224 3788 1314 3871 ipsius
1326 3789 1445 3870 alligant
1461 3810 1564 3853 omnes

502 3878 635 3939 historici
649 3879 796 3960 (teneo).

475 4027 480 4037 ,
546 3975 576 4032 2.
594 3978 744 4051 Exposita,
756 3975 857 4054 prave,
873 3978 983 4037 l2'll0.

545 4070 575 4126 3.
590 4071 774 4127 carlomanni
787 4071 876 4142 stat,
893 4073 984 4148 6265,
995 4072 1121 4153 itemque
1131 4074 1198 4135 edd.
1210 4073 1314 4136 Chesn.
1327 4087 1356 4135 et
1364 4074 1562 4137 Benedict-

503 4165 693 4239 Karlomagnt
715 4164 772 4221 543
793 4182 828 4222 ac
850 4166 961 4228 tritu.
980 4196 1021 4213 -
1041 4170 1135 4227 Caroli·
1156 4170 1256 4247 magni
1276 4167 1345 4229 edit.
1368 4171 1488 4244 Germ,
1511 4170 1561 4231 scd

503 4254 652 4314 mendose.

544 4352 633 4503 apt
646 4351 745 4409 tatto
759 4362 789 4410 et
803 4350 874 4412 edit.
889 4353 1037 4415 Benedict.
1054 4359 1254 4434 -Seputeura
1266 4355 1387 4417 deestin
1400 4354 1465 4418 aliis
1476 4357 1562 4422 codd.

502 4460 537 4501 20
608 4485 616 4501 .

544 4539 576 4595 5.
591 4540 761 4613 lleperemnt
774 4542 885 4603 tatto.
