3742 5667
511 878 566 935 ras
723 856 895 931 OEuvass
916 856 1129 930 courrieres
1148 872 1198 927 aa
1218 870 1352 930 sucas.

510 1006 663 1079 aliarum
674 1027 899 1102 gemmarum
916 1018 953 1075 et
970 1004 1146 1075 unionum
1162 1003 1304 1103 copiam
1317 1000 1363 1073 ad
1381 1000 1581 1099 perfectio·

511 1149 595 1196 nem
611 1138 686 1196 tam
702 1122 814 1196 sancti
830 1119 1034 1195 ornamenti
1048 1120 1292 1219 apposuimus.
1311 1122 1365 1189 De
1381 1141 1471 1191 auro
1485 1140 1581 1191 vero

510 1238 650 1331 obrizo,
669 1239 810 1311 circiter
832 1250 961 1337 quater
973 1236 1098 1333 viginti
1110 1260 1248 1309 mareas
1260 1260 1328 1308 nos
1347 1234 1521 1334 posuisse,
1547 1231 1580 1304 si

507 1354 602 1429 bene
613 1354 1044 1447 recordor,meminimus.
1059 1352 1191 1426 Pedem
1204 1378 1290 1426 vero
1296 1354 1580 1451 quatuorEvan·

508 1470 641 1568 gelistis
665 1485 877 1569 comptum,
905 1484 943 1542 et
967 1468 1173 1541 columnam
1202 1469 1262 1542 cui
1290 1483 1410 1541 sancta
1443 1464 1579 1539 insidet

509 1587 642 1683 imag0,
670 1586 905 1659 subtilissimo
931 1610 1041 1686 opere
1068 1586 1284 1681 smaltitam,
1318 1602 1354 1659 et
1380 1582 1578 1657 salvatoris

509 1700 697 1774 historiam
712 1727 797 1775 cum
812 1702 966 1801 antiquae
981 1701 1067 1799 legis
1090 1702 1341 1799 allegoriarum
1360 1701 1578 1775 testimoniis

510 1818 712 1915 designatis,
731 1833 766 1890 et
775 1816 940 1917 capitello
950 1818 1134 1918 superiore
1149 1833 1308 1891 mortem
1323 1818 1472 1890 Domini
1489 1842 1577 1891 cum

507 1932 579 2007 suis
594 1932 807 2031 imaginibus
818 1934 1043 2026 ammirante,
1062 1933 1263 2035 perplures
1280 1932 1484 2006 aurifabros
1503 1938 1576 2006 lo-

507 2049 1342 2149 tharingos,quandoquequinque,quandoque
1354 2051 1573 2150 septem,vix

506 2162 651 2238 duobus
667 2166 769 2238 aunis
782 2166 978 2263 perlectam
988 2164 1124 2239 hahere
1134 2166 1331 2265 potuimus.
1350 2166 1451 2238 Tanti
1463 2165 1575 2261 igitur

505 2294 542 2353 et
563 2296 635 2353 tam
649 2282 760 2354 sancti
776 2282 1003 2355 instrumenti
1027 2296 1195 2355 umatum
1214 2282 1321 2355 altius
1334 2281 1515 2355 honorare
1536 2295 1574 2355 et

507 2394 661 2469 exaltare
694 2395 939 2470 misericordia
973 2397 1163 2472 salvatoris
1195 2398 1309 2471 nostri
1345 2396 1570 2487 accelerans,

507 2507 685 2583 domnum
701 2536 833 2612 papam
851 2514 1051 2610 Eugenium
1066 2512 1114 2586 ad
1130 2512 1387 2585 celebrandum
1407 2526 1571 2585 sanctum

506 2625 658 2719 Pascha,
678 2626 769 2701 sicut
788 2653 869 2703 mos
884 2646 939 2704 est
957 2631 1129 2702 Romanis
1145 2628 1379 2728 pontificibus
1393 2628 1431 2700 in
1445 2628 1572 2701 Galliis

504 2740 798 2836 demorantibus,
824 2743 874 2816 ob
890 2744 1067 2818 honorem
1094 2746 1208 2817 sancti
1233 2744 1452 2844 apostolatus
1473 2742 1572 2817 beati

504 2856 679 2955 Dionysii,
699 2858 928 2957 quodetiam
948 2860 994 2934 de
1018 2859 1156 2933 Calixto
1177 2875 1214 2933 et
1237 2860 1450 2933 Innocentio
1476 2860 1573 2933 illius

504 2972 822 3072 praedecessoribus
839 2975 1007 3069 vidimus,
1022 2976 1069 3049 ad
1079 3000 1145 3049 uos
1153 2976 1301 3050 adduxit
1312 3003 1321 3047 ε
1332 2977 1397 3075 qui
1410 2974 1570 3049 eundem

503 3088 716 3161 crucifixum
740 3115 782 3163 ea
813 3091 872 3163 die
897 3091 1094 3166 solenniter
1118 3094 1351 3166 consecravit.
1380 3096 1435 3165 De
1461 3090 1569 3164 titulo

503 3228 595 3276 verae
622 3207 739 3278 crucis
767 3207 933 3301 Domini,
966 3214 1062 3306 quae¹
1089 3232 1236 3281 omnem
1264 3224 1301 3282 et
1334 3206 1572 3280 universalem

502 3319 639 3393 excedit
657 3324 902 3417 margaritam,
924 3320 971 3395 de
993 3323 1129 3423 capella
1149 3348 1212 3397 sua
1232 3324 1439 3423 portionem
1461 3324 1501 3394 in
1521 3347 1568 3395 eo

503 3436 710 3533 assignavit,
726 3440 870 3540 publice
892 3466 1016 3514 coram
1032 3440 1214 3531 omnihus,
1242 3442 1460 3541 quicumque
1484 3439 1570 3516 inde

503 3550 641 3648 aliquid
666 3571 846 3653 raperent,
864 3558 1086 3657 quicumque
1102 3582 1199 3630 ausu
1214 3559 1404 3630 temerario
1424 3558 1462 3630 in
1484 3581 1570 3630 eum

504 3690 655 3742 manum
671 3670 858 3765 inferrent,
873 3698 1048 3747 mucrone
1063 3674 1160 3747 beati
1179 3676 1274 3746 Petri
1295 3690 1331 3748 et
1349 3673 1467 3773 gladio
1486 3674 1571 3772 Spi-

501 3782 592 3855 ritus
609 3788 720 3859 sancti
729 3788 1053 3863 anathematimvit.
1065 3794 1137 3863 Nos
1143 3808 1265 3863 autem
1274 3789 1372 3863 idem
1378 3788 1569 3863 anathema

501 3897 649 3973 inferius
662 3902 700 3975 in
718 3929 824 3978 cruce
839 3906 1011 3978 intitulari
1026 3906 1189 3979 fecimus.

551 4018 710 4090 XXXlIl.
731 4020 928 4121 Principale
943 4023 1051 4119 igitur
1065 4022 1162 4095 beati
1187 4023 1349 4122 Dionysii
1364 4023 1488 4113 altare,
1510 4023 1568 4096 cui

501 4145 644 4205 tantum
677 4138 837 4210 anterior
866 4137 991 4211 tabula
1015 4163 1036 4210 a
1062 4138 1196 4212 Karolo
1222 4139 1331 4213 Calvo
1353 4141 1568 4239 imperatore

500 4249 605 4320 tertio
623 4251 782 4349 speciosa
799 4267 835 4325 et
854 4255 1013 4353 preciosa
1037 4253 1253 4348 habebatur,
1274 4256 1358 4354 quia
1378 4256 1497 4330 eidem
1519 4254 1564 4327 ad

501 4364 741 4439 monasticum
767 4370 994 4468 propositum
1013 4370 1125 4445 oblati
1147 4372 1294 4469 luimus,
1325 4388 1493 4445 ornatum
1520 4370 1562 4443 iri

544 4599 573 4657 l.
591 4602 659 4674 Qui,
674 4600 821 4675 mendose,
837 4602 907 4666 edit.
920 4601 1025 4667 Cbesn.
