3742 5667
746 865 923 928 cfltnrrs.
1300 873 1358 932 ³39

298 992 395 1068 torio
427 993 596 1086 habeant,
632 1009 668 1067 et
706 993 774 1067 hac
805 997 930 1070 eadem
963 1021 1073 1098 panes
1108 1000 1215 1072 unius
1242 1002 1356 1077 modii

299 1114 484 1207 frumenti,
502 1129 539 1186 et
554 1111 646 1186 duos
659 1113 800 1187 modios
814 1114 899 1204 vini,
922 1129 996 1187 tam
1014 1139 1082 1213 pro
1103 1115 1264 1190 remedio
1279 1121 1357 1190 ani-
1455 1143 1461 1154 ·

299 1255 369 1302 mae
394 1255 482 1302 meae
502 1252 612 1327 quam
634 1253 703 1328 pro
729 1230 841 1303 salute
867 1229 1017 1302 fratrum
1036 1245 1256 1326 nostrorum,
1283 1247 1358 1306 tam

300 1345 467 1417 vivorum
482 1368 593 1443 quam
604 1342 871 1438 defunctorum,
885 1344 1101 1444 pauperibus
1113 1370 1259 1442 erogare
1272 1347 1358 1420 irre·

302 1460 518 1556 fragabiliter
548 1461 649 1533 omni
680 1484 777 1533 anno
812 1485 887 1532 non
916 1459 1097 1534 desistant.
1133 1463 1243 1535 Omni
1271 1487 1359 1536 vcro

300 1575 459 1650 secunda
473 1577 560 1650 seria
570 1592 608 1650 et
622 1579 727 1650 tertia
741 1576 885 1650 missam
901 1600 967 1675 pro
986 1601 1043 1648 me
1066 1592 1102 1650 et
1122 1603 1188 1676 pro
1203 1575 1281 1650 aliis
1294 1576 1359 1652 de·

300 1692 436 1766 functis
459 1691 704 1766 celebrabunt.
728 1697 770 1765 In
786 1696 901 1765 Strata
915 1716 1003 1764 vero
1019 1693 1083 1766 ubi
1099 1693 1266 1768 dominus
1280 1719 1362 1768 nos-

301 1822 357 1880 ter
369 1823 454 1906 post
463 1807 661 1880 Dominum
674 1820 729 1879 ter
738 1806 864 1879 beatus
877 1805 1070 1902 Dionysius
1085 1813 1201 1880 tanto¹
1227 1822 1361 1882 trecen-

302 1936 426 1996 torum
458 1947 634 1996 annorum
664 1937 827 2021 tempore
861 1922 1008 2020 quievit,
1038 1921 1102 1995 ubi
1133 1924 1258 2015 etiam,
1286 1939 1359 1996 tarn

302 2057 371 2133 pro
391 2033 593 2107 extollenda
608 2049 814 2106 sanctorum
831 2035 896 2105 Dei
908 2032 1013 2107 laude
1028 2059 1135 2131 quam
1147 2058 1215 2133 pro
1223 2034 1358 2127 multis,

302 2173 392 2248 quas
405 2148 541 2223 ibidem
551 2175 618 2249 per
626 2149 841 2223 decennium
855 2164 1096 2222 commoratus
1106 2149 1246 2247 juvenis
1259 2165 1361 2224 aetate

301 2280 339 2338 et
367 2264 530 2338 moribus
557 2266 735 2360 commisi,
759 2265 920 2356 offensis,
949 2265 1142 2339 duodecim
1166 2265 1361 2338 monachos

302 2405 386 2452 cum
405 2379 600 2454 tredecimo
622 2381 758 2481 priore,
779 2381 826 2454 ad
842 2379 1068 2454 serviendum
1086 2383 1164 2454 Deo
1179 2395 1216 2453 et
1232 2382 1363 2454 sanctis

302 2494 533 2592 Martyribus,
558 2496 766 2592 regulariter
781 2495 982 2570 inhabitare
1003 2495 1238 2568 decrevimus.
1262 2499 1362 2584 Quo-

302 2635 386 2685 rum
415 2611 522 2684 etiam
545 2613 736 2686 refectorio
759 2612 992 2712 apposuimus
1010 2610 1131 2683 villam
1151 2611 1359 2708 Molignum‚

304 2751 412 2824 quam
438 2725 484 2799 de
506 2752 614 2800 manu
638 2727 764 2802 Urseiii
787 2728 912 2819 Judaei,
931 2741 1095 2826 utsupra
1116 2725 1283 2818 diximus,
1306 2752 1361 2800 re·

304 2855 521 2914 traxeramus
536 2867 547 2933 ;
564 2858 600 2915 et
610 2844 731 2942 jugem
744 2844 843 2943 apud
855 2846 973 2916 Deum
988 2844 1202 2926 orationem,
1218 2855 1254 2914 et
1266 2842 1364 2915 anni·

303 2957 501 3028 versarium
520 2972 686 3031 nostrum
699 2960 723 3050 ¹,
748 2974 784 3031 et
806 2958 949 3030 missam
970 2981 1038 3056 pro
1064 2956 1241 3029 defunctis
1262 2956 1364 3028 omni

306 3069 507 3146 ebdomada
529 3072 618 3146 feria
638 3089 764 3172 quarta
780 3073 911 3147 devote
923 3071 1139 3171 postulando
1156 3073 1363 3172 impetravi-

305 3213 397 3262 mus.
423 3188 617 3262 Curbodo'
635 3214 736 3282 vero,
756 3187 854 3288 apud
878 3203 1037 3260 sanctam
1058 3187 1126 3260 Dei
1146 3187 1365 3260 Genitricem

305 3304 468 3394 uariam,
492 3329 602 3402 quem
630 3303 753 3377 locum
777 3305 1055 3376 sacratissimum
1076 3317 1113 3374 et
1136 3301 1309 3375 aedificare
1329 3317 1367 3376 et

304 3417 522 3517 amplificare
533 3419 753 3520 incipientes,
765 3421 794 3491 si
801 3423 898 3492 Deus
908 3419 1014 3492 nobis
1025 3420 1132 3492 vitam
1143 3418 1363 3510 servaverit⁸,

306 3531 478 3632 perficere
505 3533 704 3608 firmissime
728 3535 995 3635 proposuimus,
1024 3533 1188 3607 similiter
1203 3547 1240 3605 et
1262 3533 1365 3606 anni·

304 3649 501 3722 versarium
519 3664 685 3723 nostrum
700 3665 737 3723 et
760 3651 905 3722 missam
918 3674 987 3750 pro
1005 3649 1181 3722 defunctis
1197 3647 1234 3720 iu
1251 3646 1366 3720 ebdo-

307 3762 416 3837 mada
435 3763 520 3836 seria
536 3765 660 3862 quinta
683 3764 811 3837 devote
830 3762 1141 3862 expostulavimus.
1160 3765 1209 3833 Ea
1231 3775 1364 3850 autem,

307 3903 416 3978 quam
431 3904 499 3952 nos
518 3881 556 3952 in
569 3879 775 3979 episcopatu
798 3879 950 3951 Metensi
974 3879 1237 3978 acquisivimus,
1253 3877 1365 3970 Cella,

307 3995 344 4067 in
363 4020 405 4069 ea
428 4020 508 4094 quae
526 3994 704 4068 celebrata
723 4008 777 4067 est
799 3994 990 4092 Magtmtiaa
1010 3993 1122 4084 curia,
1148 3991 1311 4065 similiter
1330 4006 1368 4064 et

305 4111 426 4208 jugem
449 4111 651 4184 orationem
674 4125 711 4183 et
735 4108 1016 4182 anniversarium
1037 4122 1202 4182 nostrum
1225 4122 1262 4180 et
1282 4106 1367 4178 mis·

309 4247 385 4296 sam
422 4247 492 4323 pro
520 4221 698 4296 defunctis
723 4221 812 4294 feria
839 4235 938 4295 sexta
959 4219 1088 4294 devote
1115 4218 1360 4318 expetivimus.

349 4417 380 4475 t.
397 4418 464 4473 roeo
474 4414 543 4474 add.
560 4413 667 4477 chan.
678 4424 710 4472 et
719 4411 813 4472 Feiib.

349 4510 379 4567 2.
396 4510 529 4568 Nostrum
541 4506 678 4568 omittunt
686 4506 796 4566 cadem
807 4504 877 4577 edd,
900 4535 942 4554 ·-
962 4509 992 4566 3.
1007 4503 1133 4566 Corbor'to
1145 4505 1253 4564 eadem
1266 4504 1334 4564 edd.

353 4603 382 4662 it.
402 4600 493 4662 Nobis
504 4603 620 4662 dederit
630 4605 720 4660 viram
736 4599 846 4660 eadem
859 4597 927 4660 odd.
