3742 5667
457 803 533 867 SUR
553 805 623 864 SON
642 804 965 863 aumatsmaaton
986 806 1207 867 ABBATlALE.
1300 808 1356 867 169

289 962 466 1029 annonae,
485 962 600 1011 unum
620 937 793 1009 frumenti
819 953 855 1009 et
872 937 1027 1010 alterum
1047 962 1178 1031 avenae,
1201 938 1237 1011 in
1258 942 1357 1014 curia

290 1070 418 1129 nostra
435 1080 502 1154 per
519 1079 669 1127 manum
684 1053 854 1128 monachi
866 1069 928 1126 aut
945 1054 1130 1127 servientis
1144 1056 1257 1128 nostri
1275 1081 1359 1130 con-

291 1170 480 1243 cessimus.
498 1172 581 1258 Quo
589 1167 738 1267 quidem
756 1168 926 1268 praedicta
945 1167 1027 1240 villa
1042 1183 1143 1241 eruta
1161 1184 1354 1263 tormento,

292 1311 378 1359 cum
393 1285 496 1385 prius
511 1285 569 1357 vix
586 1284 692 1358 nobis
711 1284 846 1357 valeret
868 1283 994 1356 decem
1014 1298 1076 1356 aut
1098 1284 1304 1382 quindecim
1320 1285 1361 1357 li-

292 1397 549 1485 bras,centum
559 1399 785 1496 stampenses
796 1394 940 1468 modios
957 1420 1109 1468 annonae
1118 1419 1184 1494 per
1201 1395 1360 1493 singulos

291 1539 425 1605 annos,
443 1515 506 1611 qui
515 1514 642 1613 saepius
653 1528 799 1587 centum
813 1512 924 1585 libras
939 1512 1056 1584 valent
1070 1511 1269 1584 secundum
1284 1537 1362 1611 pre

294 1630 394 1703 cium
413 1654 580 1722 annonae,
600 1654 665 1729 per
682 1654 808 1703 manus
824 1629 1071 1701 ministrorum
1085 1627 1236 1701 reddere
1254 1628 1360 1701 nobis

293 1758 498 1814 consuevit.

346 1858 613 1929 possessionem
629 1855 864 1929 nihilominus
880 1881 960 1954 quae
977 1855 1108 1928 dicitur
1128 1854 1329 1931 Rubridum
1336 1860 1359 1949 ¹,

298 1972 527 2071 depressione
548 1972 774 2068 angariarum
798 1972 904 2043 castri
920 1970 1061 2044 Puteoli
1079 1972 1231 2044 omnino
1258 1971 1363 2046 desti-

297 2103 429 2178 tutam,
446 2086 636 2160 emendare
654 2086 889 2177 elaborantes,
913 2111 997 2161 cum
1016 2086 1172 2186 quadam
1186 2086 1245 2160 die
1257 2091 1362 2185 Hugo

299 2204 472 2278 dominus
493 2203 632 2275 Puteoli
652 2218 733 2301 post
748 2204 892 2276 ruinam
915 2204 1021 2275 castri
1039 2203 1147 2275 etiam
1163 2228 1230 2275 nos
1255 2228 1363 2303 super

299 2318 613 2410 hocconvenisset‚
625 2334 666 2391 ut
674 2317 847 2392 incultam
862 2333 1004 2409 terram,
1022 2318 1249 2418 depressione
1257 2320 1363 2393 castri

301 2436 337 2507 in
357 2433 590 2507 solitudinem
605 2432 802 2524 redactam,
823 2432 890 2505 sub
912 2432 1106 2506 medietate
1129 2432 1219 2505 lucri
1241 2458 1308 2531 ego
1328 2448 1362 2507 et

301 2552 375 2649 ipse
394 2550 661 2641 excoleremus,
687 2550 771 2623 licet
792 2550 864 2623 hoc
889 2549 1038 2647 quidam
1067 2548 1364 2647 compendiosum

301 2665 556 2765 approbarent,
575 2667 835 2758 recusavimus,
853 2680 890 2737 et
905 2664 1007 2763 quod
1021 2689 1104 2737 cum
1114 2688 1158 2737 eo
1167 2666 1362 2756 noluimus,

302 2808 365 2882 per
376 2808 443 2855 uos
454 2782 594 2856 ellicere
609 2783 657 2855 ad
672 2781 907 2855 commodum
918 2780 1077 2853 ecclesiae
1087 2779 1361 2854 elaboravimus.

305 2904 373 2970 lt'ec
389 2886 475 2970 eum
489 2898 680 2970 admittere
696 2899 833 2971 socium
849 2899 887 2969 in
904 2898 1129 2969 restitutione
1146 2911 1247 2968 terrae
1260 2898 1366 2969 susti·

305 3015 461 3106 nuimus,
479 3040 586 3113 quem
604 3014 865 3086 destructorem
886 3038 989 3087 more
1008 3028 1271 3087 antecessorum
1289 3038 1368 3085 suo-

304 3156 381 3202 rum
399 3131 604 3225 gravissime
622 3154 923 3230 persenseramus.
934 3129 1086 3202 Easdem
1100 3130 1195 3201 enim
1215 3154 1366 3201 consue-

308 3244 447 3317 tudines
469 3268 558 3341 quas
581 3243 626 3315 de
649 3243 860 3317 Monarvilla
877 3244 1182 3337 enumeravimus,
1204 3242 1368 3316 videlicet

307 3359 435 3432 talliam
455 3375 492 3432 et
510 3384 691 3431 annonam
709 3384 919 3458 porcorum,
942 3362 1079 3453 ovium,
1097 3385 1285 3457 agnorum,
1302 3385 1367 3432 au·

307 3502 438 3565 serum,
461 3474 686 3570 gallinarum,
710 3474 911 3573 pullorum,
939 3474 1118 3571 lignorum
1126 3474 1213 3565 ,'ab
1238 3474 1364 3547 eadem

309 3608 397 3665 terra
423 3615 525 3664 more
548 3606 815 3662 antecessorum
842 3612 992 3661 suorum
1021 3587 1238 3687 abripuerat,
1263 3604 1298 3659 et
1324 3611 1367 3658 ex

308 3704 374 3775 boc
395 3704 477 3800 ipso
498 3719 572 3775 tam
591 3702 694 3775 nobis
720 3726 831 3800 quam
851 3699 919 3772 sibi
945 3700 1167 3772 infructuose
1187 3700 1367 3798 jacentem

309 3820 454 3891 omnino
475 3820 638 3891 inutilem
651 3816 868 3890 reddiderat.
883 3820 956 3888 Nos
967 3816 1086 3911 igitur,
1106 3815 1250 3886 miscriae
1266 3829 1369 3888 terrae

311 3952 342 4007 et
353 3935 488 4008 damno
503 3935 659 4007 ecclesiae
675 3947 803 4005 nostrae
821 3930 1165 4023 condescendentes,
1188 3930 1225 4003 in
1242 3931 1369 4004 eadem

311 4051 417 4122 sterili
441 4064 535 4121 terra
561 4062 700 4122 curtem
726 4044 1002 4135 aedilicavimus,
1041 4047 1238 4145 turrimque
1264 4072 1369 4145 super

311 4180 449 4264 portam
465 4165 513 4237 ad
526 4162 751 4262 repellendos
768 4179 930 4261 raptores
946 4162 1142 4252 erexirnus;
1159 4177 1231 4234 tres
1249 4188 1369 4234 carru-

312 4305 367 4352 cas
382 4280 517 4353 ibidem
534 4279 737 4379 posuimus;
755 4278 876 4351 villam
893 4304 975 4375 quae
992 4278 1131 4351 Villana
1148 4278 1278 4349 dicitur
1296 4302 1369 4350 res-

351 4538 381 4593 l.
407 4536 491 4595 Nunc
504 4538 833 4605 donarer-Saint·Denis
845 4532 1083 4613 (Eure-ennon).
