3742 5667
751 808 928 868 cunutus.
1311 806 1367 866 att

306 941 511 1015 tuordeeim
540 940 673 1015 solidos
698 941 736 1014 in
759 939 828 1014 alia
856 937 1084 1012 ordinatione
1105 938 1367 1012 constituimus.

306 1057 489 1157 Quicquid
504 1073 625 1132 umen
641 1072 677 1130 et
694 1057 731 1128 in
747 1055 816 1128 bac
831 1070 867 1128 et
887 1055 926 1126 in
945 1052 1260 1126 alia-ordinatione
1279 1053 1373 1127 ultra

306 1173 468 1270 quinque
484 1171 618 1246 solidos
636 1171 810 1262 consistit,
833 1184 958 1242 nostro
983 1167 1117 1257 labore,
1135 1169 1183 1241 ob
1210 1193 1371 1241 amorem

305 1289 371 1359 Dei
403 1303 440 1362 et
478 1306 608 1364 sanctae
643 1287 772 1384 regulae
810 1285 1119 1376 observationem,
1154 1283 1373 1383 amplificato

306 1403 459 1476 fratrum
475 1428 641 1494 numero,
658 1428 725 1502 per
745 1402 810 1474 Dei
827 1400 1112 1474 miscricordiam
1130 1415 1293 1474 constare
1315 1399 1372 1473 di·

308 1520 480 1593 noscitur.
520 1523 621 1591 Hanc
649 1531 771 1590 autem
795 1517 1093 1612 augmentationis
1114 1531 1249 1590 cartam
1275 1540 1374 1589 com·

309 1637 411 1708 muni
448 1635 599 1708 fratrum
644 1648 851 1707 nostrorum
882 1655 1058 1704 consensu
1098 1633 1211 1706 minui
1240 1646 1302 1706 aut
1334 1631 1372 1703 in

307 1749 430 1850 aliquo
445 1750 649 1824 defraudari
664 1763 837 1849 perpetuo
852 1762 1064 1840 anatemate,
1079 1763 1251 1848 perpetua
1263 1745 1371 1820 male-

308 1864 468 1938 dictione
485 1864 733 1965 prohibemus.
757 1869 839 1936 Haec
859 1862 906 1935 de
926 1863 1093 1961 generali.
1113 1867 1166 1937 De
1184 1863 1373 1962 pulmento

308 1996 451 2072 autem,
478 1981 562 2080 quia
582 1980 704 2054 nescio
724 2003 796 2079 qua
819 1981 1006 2053 occasione
1030 1978 1225 2070 fratribus,
1246 1978 1293 2051 ab
1317 1983 1375 2050 Iu·

308 2095 408 2169 dicto
423 2094 593 2193 usquead
607 2094 752 2168 octabas
767 2093 863 2167 beati
874 2095 1049 2193 Dionysii,
1063 2093 1372 2186 subtrahebatur,

306 2211 479 2285 volumus
496 2225 533 2283 et
543 2211 794 2284 constituimus
809 2209 978 2308 deinceps
990 2235 1057 2309 per
1073 2225 1192 2285 totum
1209 2211 1294 2284 anni
1311 2211 1377 2282 cir·

308 2327 448 2415 culum,
481 2352 547 2427 per
582 2352 709 2399 manus
742 2327 987 2399 ministrorum
1019 2327 1280 2400 monachorum
1313 2342 1376 2400 aut

309 2443 500 2535 laicorum,
531 2443 768 2516 continuatim
801 2441 979 2542 suppleri3
1004 2457 1040 2516 et
1070 2468 1116 2515 ne
1143 2443 1289 2516 materia
1319 2441 1375 2514 bis

311 2556 467 2651 deficiat,
482 2583 629 2630 censum
651 2581 790 2631 novum
805 2582 985 2631 novorum
1004 2581 1096 2657 quos
1117 2558 1290 2658 hospitari
1307 2557 1375 2630 leci

310 2673 348 2746 iu
361 2697 476 2748 vacua
485 2674 583 2746 horti
598 2689 704 2765 terra,
719 2672 978 2772 quinquaginta
990 2672 1156 2746 videlicet
1167 2673 1302 2746 solidos
1313 2687 1376 2745 aut

309 2789 465 2891 amplius
489 2789 575 2863 buic
604 2790 838 2890 apposuimus
864 2789 1102 2862 incremento.
1132 2793 1233 2862 Hanc
1267 2790 1375 2861 etiam

309 2905 488 3005 pulmenti
504 2904 662 3002 regulam
679 2905 878 2977 firmissime
891 2906 1017 2997 teneri,
1034 2919 1108 2977 tam
1125 2929 1193 3004 pro
1209 2905 1295 3004 ipsis
1310 2904 1376 2976 lra-

310 3021 429 3094 tribus
439 3045 548 3120 quam
565 3045 634 3120 pro
642 3021 860 3094 exteriorum
879 3045 1075 3119 pauperum
1091 3020 1373 3119 supportatione,

309 3137 443 3235 quibis
459 3151 496 3209 et
511 3137 589 3210 aliis
605 3136 778 3234 indigent,
795 3137 871 3210 sine
886 3135 1173 3236 interpellatione
1184 3135 1376 3208 sanciendo

312 3248 507 3324 firmamus.
536 3257 619 3326 Haec
647 3253 767 3351 itaque
791 3252 838 3325 de
864 3253 994 3352 prima.
1015 3256 1068 3325 De
1091 3250 1248 3325 secunda
1275 3276 1374 3343 vero,

312 3390 390 3464 quae
420 3391 522 3439 coeua
551 3367 695 3458 dicitur,
722 3369 869 3441 tertium
908 3367 1130 3442 confecimus
1158 3366 1373 3466 capitulum:

312 3503 403 3577 quae,
426 3497 468 3555 ut
490 3483 759 3556 convenientius
782 3497 818 3557 ct
847 3482 952 3557 solito
968 3484 1153 3557 decentius
1175 3483 1377 3557 foecuudior

314 3592 387 3687 fiat,
406 3595 624 3694 quibusdam
647 3599 735 3671 olim
755 3625 778 3671 a
800 3597 906 3672 nobis
929 3615 1031 3672 aucta
1058 3613 1112 3672 est
1132 3598 1372 3686 incrementis,

312 3709 479 3786 videlicet
498 3714 618 3786 Sancti
637 3715 781 3787 Luciaui
797 3713 960 3806 decimis,
974 3739 1054 3812 quae
1074 3711 1121 3786 ad
1141 3739 1206 3786 nos
1222 3714 1376 3813 pertine-

311 3823 419 3917 bant,
446 3829 572 3923 viginti
599 3827 798 3901 solidorum
820 3829 1019 3926 largitione,
1037 3830 1101 3928 qui
1119 3829 1225 3902 nobis
1246 3829 1293 3903 de
1315 3855 1376 3902 su·

311 3941 584 4039 perabundante
599 3942 646 4015 ab
661 3945 746 4042 ipsis
762 3943 960 4016 hortolanis
973 3945 1215 4034 solvebantur,
1234 3969 1376 4018 annona

315 4056 423 4130 etiam
436 4083 516 4156 quae
531 4057 637 4131 nobis
655 4056 700 4131 de
717 4059 921 4133 Petraficta'
934 4059 1166 4134 reddebatur.
1174 4066 1370 4161 lnpraesen·

313 4172 445 4246 tiorum
460 4199 561 4267 vero,
582 4173 631 4247 ob
643 4198 806 4249 amorem
824 4190 862 4249 et
882 4177 1118 4250 reverentiam
1141 4192 1270 4252 sanctae
1293 4175 1375 4250 reli·
1411 4249 1419 4264 ,

314 4288 426 4384 gionis
456 4305 494 4363 et
531 4291 681 4366 fiatrum
713 4307 922 4366 nostrorum
947 4292 1195 4386 devotionem,
1227 4317 1376 4369 censum
1420 4274 1421 4283 ἵ

354 4537 384 4593 l.
398 4532 587 4596 subtrahebat
600 4535 707 4617 legitur
719 4535 750 4597 in
762 4537 831 4599 edd.
853 4569 894 4586 -
914 4541 945 4600 2.
971 4539 1055 4600 Nunc
1065 4541 1227 4617 Ptenefitte
1240 4537 1355 4618 (uim).
