3742 5667
727 1345 967 1426 ctetttttt
981 1339 1007 1428 ¹.

385 1728 412 1796 l.
439 1726 556 1812 Quam
576 1734 741 1796 strenuus
760 1723 797 1794 in
821 1721 1062 1796 adolescentia
1076 1722 1194 1816 fuerit,
1214 1739 1250 1797 et
1262 1740 1396 1823 quauta

340 1840 541 1913 strenuitate
565 1838 794 1912 fortissimum
820 1863 940 1936 regem
967 1839 1158 1936 Angiorum
1176 1840 1396 1912 willelmum

341 1955 480 2046 Rufum,
500 1969 690 2054 paternum
705 1979 856 2052 reguum
868 1952 1091 2045 turbantem,
1104 1954 1285 2052 repulerit.

383 2075 428 2144 11.
458 2071 567 2160 Quod
588 2068 808 2143 Burcardum
830 2072 1256 2161 Moumorenciecensem,
1279 2071 1395 2144 virum

338 2185 509 2279 nobilem,
526 2185 573 2258 ab
593 2185 818 2258 infestatione
833 2185 925 2258 beuti
942 2186 1111 2286 Dionysii
1125 2211 1210 2258 cum
1228 2186 1396 2260 omnibus

340 2301 570 2401 complicibus
585 2302 639 2374 sui
652 2304 881 2401 compescuit.

384 2421 443 2490 ΙΙΙ.
471 2418 579 2506 Quod
615 2419 785 2491 comitem
823 2416 1133 2490 Beiiimontensem
1175 2417 1399 2490 Matthaeum'

339 2533 519 2606 restituere
539 2547 692 2606 castrum
712 2533 919 2608 Lusarcirias
942 2532 1228 2606 Cierornontensi
1253 2536 1396 2629 Hugoni

339 2649 466 2745 coegit,
484 2673 568 2722 curn
593 2650 668 2749 ipse
694 2649 865 2722 dominus
891 2647 1095 2722 Ludovicus
1118 2649 1213 2722 idern
1240 2665 1396 2722 cestrum

339 2789 445 2838 manu
462 2764 547 2838 forti
563 2779 814 2863 oppugnasset.

384 2885 443 2954 tv.
470 2878 579 2969 Quod
591 2878 780 2952 cumaliud
792 2894 946 2953 cestrum
963 2879 1124 2977 ejusdem
1141 2879 1295 2952 Matthaei
1305 2877 1400 2953 Cau-

336 2997 465 3070 liscum
483 2994 694 3085 obsedisset,
713 2993 830 3068 subita
846 2995 939 3067 aeris
954 2995 1181 3092 intemperies
1198 2995 1395 3067 exercitum

337 3113 372 3183 in
389 3111 507 3208 iugem
528 3111 662 3207 coegit,
687 3125 723 3182 et
748 3110 816 3182 uisi
835 3112 909 3209 ipse
928 3108 1129 3182 Ludovicus
1145 3109 1282 3182 fortiter
1299 3111 1397 3182 resti·

338 3228 449 3313 tisset,
474 3249 568 3325 pene
588 3226 759 3299 exercitus
781 3224 997 3322 deperisset;
1019 3238 1054 3296 et
1078 3223 1177 3322 quod
1200 3225 1276 3323 ipse
1299 3226 1395 3297 Mat·

339 3342 448 3414 thaeus
464 3341 644 3416 humiliter
662 3341 695 3412 ci
713 3339 894 3414 satisfecit.
915 3393 916 3400 .

387 3461 427 3531 V.
454 3463 509 3530 De
527 3456 654 3547 Ebalo,
676 3457 809 3529 comite
827 3457 1033 3530 Ruciacensi
1041 3457 1062 3527 ⁸.

384 3577 445 3646 vt.
472 3577 526 3645 De
542 3587 660 3646 castro
675 3573 944 3645 Maudunensi⁴.

387 3693 459 3761 vlt.
487 3694 542 3761 De
558 3705 675 3762 castro
691 3691 755 3787 qui
771 3689 901 3761 dicitur
914 3692 1016 3762 Mons
1030 3693 1173 3762 uentus.

386 3811 475 3879 Vlil.
505 3813 560 3880 De
579 3809 732 3899 Milone,
755 3810 943 3907 quomodo
964 3811 1106 3883 intravit
1121 3823 1277 3882 custnrm
1293 3809 1395 3880 Mon-

340 3926 382 3997 tis
396 3923 546 3998 Leherii.

378 4168 406 4226 i.
428 4167 495 4222 Haec
509 4163 636 4245 capitula
651 4164 681 4225 in
697 4166 785 4225 codd.
803 4169 862 4228 135
875 4179 906 4226 et
920 4169 978 4229 512³
996 4178 1082 4245 atque
1096 4164 1127 4224 in
1140 4165 1209 4225 edd.
1220 4167 1334 4224 tentum
1348 4163 1395 4224 ie·

341 4269 456 4335 guntur.
469 4261 506 4316 V.
520 4261 619 4337 supro,
644 4259 675 4318 in
691 4258 918 4320 Introductione.

379 4353 408 4411 2.
428 4353 581 4410 Matheum
593 4355 663 4424 135,
680 4351 754 4412 sicut
766 4364 796 4412 et
814 4353 900 4413 inire.

380 4447 408 4502 ³.
430 4447 594 4502 nurrmmt
605 4448 674 4505 135.

379 4539 409 4594 i.
430 4538 605 4596 Madunensr'
621 4534 722 4617 adjicit
732 4537 870 4599 chesnius
884 4537 914 4598 in
926 4542 1022 4600 textus
1034 4537 1079 4598 sui
1093 4536 1233 4618 margine.
