3742 5667
509 773 567 833 loo
726 772 890 832 oeuvnas
909 756 1125 833 cousensus
1143 775 1194 831 ne
1214 775 1350 835 suem.

510 907 627 990 Quam
641 900 803 974 videlicet
817 901 1045 998 magnificam
1058 902 1287 976 devotionem
1302 929 1403 978 suam
1413 906 1462 978 ad
1478 920 1570 979 tem·

511 1041 579 1116 pus
599 1016 776 1090 occultare
798 1017 993 1103 maluisset,
1012 1033 1156 1116 propter
1174 1021 1327 1091 incertos
1345 1023 1474 1112 exitus,
1495 1022 1570 1093 sive

511 1147 552 1204 ut
569 1132 773 1228 jactantiam
797 1133 1017 1205 declinaret:
1039 1157 1163 1205 verum
1183 1134 1308 1229 ingens
1325 1135 1421 1208 illam
1441 1136 1569 1235 prodi-

512 1247 566 1320 dit
586 1263 789 1346 apparatus.
812 1251 900 1320 Nam
921 1247 1049 1320 exinde
1071 1250 1166 1348 cepit
1181 1265 1338 1347 satagere
1352 1265 1392 1323 ut
1406 1275 1471 1350 per
1493 1275 1569 1322 ma·

438 1411 442 1422 ·
510 1387 578 1435 nus
589 1362 679 1436 sacri
693 1361 828 1460 Templi
839 1362 995 1435 militum
1006 1379 1168 1463 sumptus
1180 1366 1570 1440 tarrtaereinccessarios

512 1477 797 1575 Hierosolymam
821 1479 1064 1576 premineret,
1084 1505 1126 1552 cx
1144 1479 1201 1552 bis
1217 1481 1351 1555 scilicet
1368 1483 1570 1556 redditibus

512 1619 604 1693 quos
618 1594 765 1694 proprio
774 1594 905 1667 sudore
924 1595 977 1667 vel
987 1594 1130 1667 solertia
1143 1597 1360 1669 monasterio
1375 1599 1567 1694 adjecerat.

515 1710 618 1783 Unde
633 1726 728 1784 recte
741 1708 862 1782 nullus
880 1709 1138 1805 indignabitur,
1148 1711 1177 1783 si
1187 1712 1381 1786 attenderit
1393 1729 1569 1811 quantum

511 1823 606 1896 illius
620 1825 739 1898 studio
755 1849 881 1898 omues
895 1824 1049 1899 ecclesiae
1065 1827 1302 1924 possessiones
1316 1830 1353 1900 in
1368 1827 1569 1903 redditibus

511 1941 701 2035 creverint,
733 1957 823 2040 quot
847 1943 953 2016 etiam
981 1943 1113 2042 praedia
1136 1944 1325 2042 adquisita,
1353 1959 1487 2043 quotve
1512 1969 1570 2019 ec·

512 2056 626 2130 clesiae
637 2058 859 2159 temporibus
874 2056 968 2130 illius
983 2060 1202 2132 monasterio
1219 2061 1290 2134 sint
1305 2059 1440 2132 addita.
1455 2067 1569 2133 Porro

513 2173 635 2244 omnia
646 2173 795 2246 faciebat
805 2175 920 2273 specie
938 2172 1098 2271 quidem,
1110 2175 1210 2272 quasi
1225 2200 1294 2275 pro
1309 2201 1348 2248 sc
1363 2175 1452 2248 alios
1464 2199 1568 2276 para·

512 2303 566 2360 ret
582 2288 749 2385 dirigerc;
767 2315 805 2361 re
820 2304 940 2362 autem
957 2313 1053 2380 vera,
1071 2291 1099 2361 si
1114 2290 1258 2363 daretur
1272 2292 1343 2364 rita
1358 2315 1492 2380 comes,
1505 2314 1570 2390 per

512 2404 667 2502 seipsum
689 2405 916 2504 profecturus
933 2419 968 2477 et
988 2405 1212 2505 propositum
1232 2431 1469 2503 aggressurus.
1481 2411 1569 2504 Spe·

511 2517 613 2591 rabat
635 2519 833 2617 adjutorem
847 2520 915 2592 sibi
932 2521 1010 2592 sore
1026 2522 1335 2620 Omnipotentem,
1351 2522 1413 2618 qui
1429 2523 1467 2593 in
1484 2545 1571 2620 pau·

511 2635 562 2707 cis
575 2659 676 2734 aeque
691 2653 730 2709 ut
748 2640 785 2711 in
803 2636 924 2709 multis
938 2638 1124 2710 consuevit
1138 2637 1254 2733 dignis
1272 2651 1440 2738 prestare
1455 2638 1569 2711 ricto-

512 2750 616 2842 riam,
639 2751 869 2825 considerans
885 2751 922 2822 in
941 2750 1069 2824 talibus
1084 2751 1235 2825 consilio
1253 2776 1345 2852 opus
1359 2775 1435 2824 esse
1451 2751 1571 2850 potius

512 2889 621 2963 quam
636 2866 784 2959 viribus,
804 2882 840 2939 et
850 2867 1078 2965 prudentiam
1094 2892 1204 2966 quam
1215 2891 1315 2940 arma
1324 2868 1436 2964 magis
1450 2888 1571 2940 neces·

511 2984 657 3062 sariam.

560 3108 713 3196 Interea,
740 3105 829 3178 dum
856 3103 903 3180 de
933 3106 1158 3206 profectione
1187 3105 1380 3200 deliberat,
1406 3104 1496 3179 dum
1522 3104 1570 3177 ad

511 3219 612 3318 pium
631 3237 810 3293 certamen
824 3221 1039 3294 incessanter
1061 3221 1218 3313 anhelat,
1233 3222 1391 3296 decrevit
1403 3219 1570 3295 cordium

512 3336 693 3435 inspector
711 3316 924 3428 Altissimus,
947 3337 1044 3436 apud
1063 3363 1170 3434 quem
1193 3337 1358 3412 voluntas
1381 3359 1449 3436 pro
1477 3334 1571 3407 facto

511 3467 710 3550 reputatur,
750 3452 924 3544 decrevit,
965 3454 1127 3552 inquam,
1161 3471 1246 3528 ante
1283 3453 1571 3550 congressionem

511 3565 683 3640 athletam
700 3591 806 3639 suum
822 3591 1011 3659 coronare,
1027 3585 1064 3642 et
1079 3570 1154 3642 seni
1168 3595 1316 3669 parcere
1323 3569 1492 3666 glorioso,
1506 3568 1570 3666 qui

497 3681 632 3780 plures
643 3682 718 3779 jam
738 3698 774 3755 et
788 3683 903 3756 varios
931 3709 999 3783 pro
1019 3684 1081 3756 illo
1106 3709 1238 3781 agones
1254 3687 1468 3759 dimicasset.
1498 3687 1571 3755 Do·

510 3796 611 3870 mino
628 3799 734 3894 igitur
750 3797 851 3871 illum
879 3798 923 3870 ad
950 3825 987 3871 se
1011 3817 1200 3891 evocante,
1220 3801 1290 3873 levi
1311 3815 1497 3899 correptus
1517 3813 1570 3871 est

477 3969 481 3976 .
511 3910 696 3985 febricula.
711 3913 889 4004 Vidimus,
905 3915 957 3986 mi
976 3915 1161 4008 Gausride,
1180 3916 1336 3989 vidimus
1351 3939 1486 4007 senem,
1506 3913 1570 3987 sed

511 4028 633 4100 animo
649 4029 827 4124 vigentem
843 4043 880 4101 et
898 4029 1064 4123 viridem,
1082 4057 1166 4105 cum
1181 4031 1387 4104 valetudine
1401 4045 1438 4103 et
1452 4029 1568 4103 imbe-

510 4140 584 4213 cilli
626 4142 840 4242 corpusculo
869 4142 1080 4241 aliquandiu
1108 4145 1373 4220 colluctantem.
1407 4144 1570 4219 Vidimus

511 4255 664 4329 aliorum
679 4256 847 4331 manibus
870 4275 1110 4334 sustentatum
1123 4263 1330 4361 frequenter
1353 4260 1570 4336 sacrasbos·

513 4372 576 4445 tias
594 4371 855 4466 immolantem,
875 4376 1004 4466 donec,
1026 4378 1290 4474 ingravescente
1304 4377 1437 4452 morbo
1458 4392 1495 4450 et
1517 4377 1570 4450 vi-

511 4487 610 4560 ribus
621 4488 821 4582 minoratis,
838 4489 929 4563 lecto
946 4490 1134 4591 applicitus
1150 4508 1223 4568 est:
1240 4493 1340 4593 quod
1351 4494 1428 4566 siue
1443 4492 1581 4567 dolore·
