3742 5667
520 813 577 869 35¹·
737 809 901 868 OEUVRES
920 807 1132 868 cononatus
1151 808 1201 866 DE
1221 807 1356 868 suom.

517 941 624 1014 tionis
644 941 919 1033 anniversarius,
934 940 1010 1037 ipse
1029 963 1135 1011 suum
1147 939 1214 1012 sibi
1228 937 1373 1035 singulis
1388 937 1574 1011 mensibus

514 1057 631 1155 pridie
646 1081 759 1129 nouas
774 1057 905 1128 mensis
934 1055 1011 1127 lieri
1038 1053 1213 1146 decrevit,
1238 1055 1276 1126 in
1304 1055 1461 1154 capitulo
1486 1079 1573 1155 pro·

514 1173 682 1265 nuntiari,
717 1173 755 1244 iu
782 1171 1000 1244 monasterio
1024 1169 1213 1260 celebrari,
1238 1170 1276 1241 in
1305 1171 1498 1244 refectorio
1526 1171 1573 1244 de

514 1289 668 1388 praesatae
684 1287 775 1361 rillae
789 1287 987 1360 redditilms
1014 1286 1179 1359 fratribus
1204 1287 1391 1360 honestam
1407 1288 1571 1361 refectio-

516 1431 598 1478 nem
620 1405 793 1504 adaptari.
829 1407 901 1476 Nec
924 1402 984 1475 illa
1010 1403 1202 1500 ignobilior
1233 1405 1322 1476 tanti
1346 1404 1572 1502 imperatoris

514 1521 728 1621 praedicatur
758 1519 967 1619 praeceptio,
997 1517 1095 1617 quod
1127 1520 1173 1592 de
1203 1519 1388 1593 usofructo
1420 1521 1571 1620 prael'atae

513 1637 604 1710 villae
646 1653 783 1737 septem
816 1634 1006 1708 luminaria
1043 1650 1179 1735 septem
1209 1636 1455 1736 lampadarum
1488 1653 1572 1710 ante

513 1769 779 1826 sacrosanctum
816 1752 927 1823 altare
965 1765 1093 1823 sanctae
1120 1752 1298 1824 Trinitatis
1328 1751 1573 1826 indeficienter

512 1894 578 1970 per
596 1869 794 1942 successiva
814 1867 932 1939 secula
952 1865 1079 1939 ardere
1097 1867 1257 1942 sancivit.
1278 1871 1322 1939 Et
1337 1869 1511 1966 quoniam
1532 1870 1572 1939 in

512 1984 820 2057 administratione
846 1983 959 2078 regni,
999 2007 1224 2082 quacumque
1266 1997 1445 2056 terrarum
1485 2009 1571 2056 eum

511 2103 652 2201 imperii
680 2099 869 2174 necessitas
895 2098 1105 2193 devocaret,
1132 2125 1273 2200 semper
1312 2117 1430 2172 tamen
1462 2099 1571 2200 pleno

510 2219 622 2292 animi
630 2217 760 2292 affectu
773 2231 807 2290 et
818 2215 1051 2316 pernoctabat
1064 2230 1098 2288 et
1111 2215 1317 2314 designabat
1328 2216 1465 2290 ibidem
1475 2242 1571 2316 sepe

511 2333 582 2425 liri,
603 2335 722 2433 ipsum
741 2331 929 2434 sepulttu‘ae
949 2357 1020 2405 suae
1032 2332 1152 2404 locum
1165 2333 1350 2406 tutissimis
1365 2347 1570 2406 sanctarum

509 2450 745 2548 reliquiarum
776 2449 930 2522 munivit
956 2446 1144 2548 praesidiis,
1181 2447 1226 2521 de
1260 2449 1363 2521 theca
1392 2449 1568 2548 imperiali

508 2567 653 2667 capellae
676 2565 745 2640 sibi
762 2567 936 2658 retinens,
955 2579 991 2636 et
1018 2565 1056 2637 in
1078 2565 1249 2637 anteriori
1266 2580 1366 2663 parte
1390 2563 1568 2638 benedicti

507 2682 628 2754 altaris
662 2707 840 2780 reponens
874 2705 914 2752 os
946 2679 1085 2751 brachii
1119 2681 1231 2752 sancti
1259 2679 1383 2753 Jacobi
1418 2681 1569 2780 apostoli

508 2799 627 2870 fratris
661 2797 824 2887 Domini,
852 2796 891 2868 in
923 2795 1047 2868 dextra
1082 2794 1272 2868 brachium
1300 2797 1413 2868 sancti
1444 2811 1569 2896 proto-

506 2917 674 3014 martyris
701 2913 886 3012 Stephani,
923 2912 960 2983 in
995 2913 1135 2984 sinistra
1160 2937 1246 2985 vero
1273 2913 1370 2986 beati
1403 2916 1570 3012 martyris

507 3046 542 3101 et
568 3031 681 3104 levitae
707 3029 908 3121 Vincentii;
941 3026 1250 3125 quemadmodum
1287 3030 1402 3102 oculis
1436 3031 1569 3103 nostris

505 3170 572 3217 nos
606 3147 673 3244 ipsi
703 3144 870 3237 vidimus,
905 3168 990 3217 cum
1017 3144 1283 3219 venerabilibus
1313 3147 1399 3219 viris
1434 3146 1570 3220 archie-

504 3263 658 3361 piscopis
696 3260 942 3358 Lugdunensi,
976 3262 1153 3353 hemensi,
1186 3263 1396 3355 Turonensi,
1433 3265 1567 3338 hotho·

504 3380 684 3475 megensi,
731 3395 766 3451 et
810 3377 985 3478 episcopis
1028 3378 1293 3471 suessionensi,
1343 3379 1564 3474 Belvacensi,

506 3494 719 3586 Redonensi,
746 3493 1014 3583 silvanectensi,
1041 3495 1209 3588 Aletensi,
1235 3494 1421 3588 Meldensi,
1447 3501 1565 3570 Vene-

505 3610 608 3702 tensi,
624 3625 660 3682 et
675 3608 772 3681 anuli
798 3609 872 3706 ejus
895 3609 1168 3708 impressionem
1184 3611 1221 3682 iu
1241 3627 1452 3709 argumento
1471 3613 1565 3687 veri-

506 3725 586 3797 tatis
595 3727 787 3818 tenuimus,
800 3739 839 3798 ut
855 3750 968 3825 prope
981 3726 1091 3798 altare
1103 3727 1273 3828 sepultus,
1285 3729 1566 3829 circumquaque

504 3844 716 3913 Sanctorum
732 3841 944 3940 pignoribus
960 3843 1230 3941 circumseptus,
1248 3867 1394 3917 omnem
1411 3860 1447 3917 et
1462 3845 1564 3946 spiri-

502 3957 633 4030 tualem
645 3973 680 4029 et
689 3956 924 4056 temporalem
933 3958 1081 4031 evitare¹
1091 3959 1291 4034 molestiam
1305 3989 1314 4032 ε
1326 3986 1406 4060 quae
1415 3962 1564 4060 quidem

501 4075 717 4146 Sanctorum
734 4075 881 4174 pignora
904 4074 945 4146 hi
968 4075 1157 4149 nobiscum
1183 4078 1321 4176 populo
1345 4079 1410 4151 Dei
1432 4079 1478 4151 ad
1499 4103 1563 4178 pa·

500 4189 755 4263 trooinandum
779 4205 1033 4290 exposuerunt,
1053 4207 1090 4265 et
1114 4210 1280 4292 reparato
1301 4193 1406 4267 altari
1434 4195 1562 4269 eodem

498 4327 587 4378 auro
605 4308 763 4405 pretioso
779 4321 816 4380 et
832 4331 942 4406 opere
958 4307 1159 4407 approbato
1169 4303 1195 4402 ¹,
1214 4308 1349 4384 ibidem
1363 4310 1563 4385 honorifice

538 4547 568 4603 l.
591 4547 647 4603 Pro
661 4549 790 4604 evitaret.
812 4575 853 4592 -
873 4548 904 4606 2.
927 4548 1181 4622 Appropiatoedd.
