3742 5667
509 735 568 793 iss
727 731 891 789 movens
911 714 1125 789 mutieres
1144 731 1195 787 nn
1214 730 1348 790 suone.

510 866 608 955 bras,
622 889 768 937 censum
785 863 992 963 quindecim
1007 864 1208 937 solidorum
1221 863 1266 936 de
1286 863 1403 937 tribus
1416 865 1585 936 mansio·
1711 856 1712 883 ³

510 981 631 1074 nibus,
648 982 796 1080 reliquis
810 981 950 1055 duabus
966 981 1107 1055 adhuc¹
1122 980 1342 1055 vacantibus.
1358 986 1399 1054 In
1413 981 1586 1053 curticu-

512 1098 546 1171 la
562 1099 713 1172 fratrum
730 1100 766 1170 in
782 1124 908 1191 vacuo,
926 1096 974 1171 de
991 1098 1093 1171 novis
1109 1097 1311 1197 hospitibus
1338 1099 1521 1193 sexaginta
1543 1110 1588 1169 et

513 1215 639 1289 decem
664 1214 798 1288 solidos
813 1214 860 1288 de
884 1240 1007 1288 annuo
1039 1240 1161 1289 censu.
1190 1218 1242 1286 De
1258 1216 1357 1287 curia
1388 1238 1477 1286 vero
1494 1236 1584 1312 quae

514 1346 613 1404 extra
627 1330 749 1403 villam
773 1345 840 1421 est,
863 1355 947 1403 cum
966 1356 1034 1403 nec
1061 1356 1153 1403 unus
1169 1331 1300 1430 hospes
1317 1354 1495 1429 umquam
1523 1327 1583 1401 ibi

513 1447 712 1536 mansisset,
728 1445 791 1518 sed
810 1472 832 1518 a
847 1446 1083 1519 servientibus
1099 1447 1262 1546 expensis
1277 1447 1431 1545 propriis
1447 1468 1585 1518 serva-
1711 1438 1712 1461 ¹

512 1579 625 1655 retur,
651 1578 724 1636 tam
740 1564 779 1635 in
792 1588 835 1637 ea
853 1588 962 1660 quam
982 1564 1020 1635 in
1040 1563 1107 1635 alia
1128 1588 1223 1636 nova
1242 1561 1360 1635 eidem
1373 1562 1583 1660 adjacente,
1711 1652 1712 1663 ἵ

513 1694 639 1777 quieter
656 1678 782 1774 viginti
802 1695 837 1752 et
854 1704 899 1752 eo
914 1678 1067 1778 amplius
1092 1680 1195 1753 novis
1221 1676 1422 1778 hospitibus
1436 1678 1584 1777 positis,

513 1794 634 1889 viginti
664 1791 787 1866 libris¹
816 1810 955 1868 constat
982 1792 1128 1889 singulis
1152 1795 1255 1867 annis
1289 1810 1581 1890 augmentatum.

516 1909 587 1982 Ubi
605 1910 728 2001 etiam,
746 1909 880 1982 scilicet
894 1909 992 2009 apud
1008 1914 1180 1983 Sanctum
1198 1911 1425 2001 Luciannm',
1442 1934 1584 2007 magno
1711 1998 1712 2017 χ

516 2040 676 2123 sumptu,
697 2028 781 2123 quia
808 2027 955 2100 ecclesia
972 2027 1028 2099 his
1054 2024 1158 2099 valde
1188 2024 1383 2121 indigebat,
1415 2026 1586 2098 clausum

516 2143 701 2213 vinearum
724 2143 797 2214 fere
822 2157 951 2240 quater
967 2141 1096 2237 viginti
1128 2166 1384 2239 arpennorum,
1397 2156 1436 2213 ut
1461 2142 1584 2234 aiunt,

515 2255 713 2357 plantando
728 2258 845 2331 excoli
864 2258 1026 2331 fecimus.
1048 2257 1113 2329 Cui
1137 2257 1184 2330 ad
1209 2258 1408 2331 maximum
1424 2256 1588 2351 ecclesiae

517 2373 754 2446 commodum
775 2374 868 2471 ipsas
884 2374 1009 2469 viginti
1025 2373 1149 2459 libras,
1166 2388 1209 2446 ut
1228 2372 1315 2445 inde
1333 2373 1426 2447 bene
1442 2370 1588 2445 excola·
1711 2396 1712 2437 3

519 2505 590 2580 tur,
606 2490 826 2563 instituimus
842 2514 851 2565 τ
871 2490 1033 2563 consulte
1048 2490 1196 2588 quidem
1212 2490 1335 2563 omnia
1351 2516 1418 2589 pro
1438 2488 1587 2561 defectu

519 2607 607 2698 vini,
625 2608 848 2707 quiasaepius
867 2632 991 2680 cruces
1014 2622 1049 2679 et
1066 2608 1191 2680 calices
1209 2623 1246 2679 et
1267 2606 1374 2707 pallia
1394 2608 1521 2680 multis
1548 2606 1586 2677 in
1711 2638 1712 2641 ¹

520 2722 620 2812 locis,
642 2737 678 2795 et
697 2726 806 2796 etiam
832 2723 1015 2811 betiniaci,
1043 2725 1081 2796 in
1104 2722 1312 2797 vadimonio
1337 2722 1584 2823 ponebantur.
1711 2790 1712 2799 ,

569 2836 859 2911 Molendinorum
869 2864 956 2911 vero
972 2837 1134 2935 ejusdem
1143 2841 1249 2913 castri
1259 2840 1338 2913 talis
1346 2854 1585 2935 estaugmen·
1711 2940 1712 2943 Ἴ

521 2953 623 3045 tatio,
641 2954 844 3051 quodcum
860 2954 948 3027 olim
971 2955 1118 3051 singulis
1144 2955 1273 3029 dicbus
1289 2956 1448 3053 quinque
1467 2956 1587 3027 minas
1711 3052 1712 3059 ἵ

522 3068 693 3142 frumenti
720 3071 873 3143 fratrum
901 3073 1090 3144 refectorio
1116 3072 1268 3145 reddere
1291 3073 1584 3163 consuevissent,
1711 3136 1712 3141 ,

523 3184 634 3259 modo
665 3186 811 3283 singuiis
838 3186 966 3261 diebus
995 3204 1080 3261 octo
1107 3187 1259 3262 reddere
1289 3216 1362 3263 non
1392 3188 1582 3261 desistunt.

523 3314 688 3399 Quorum
720 3312 984 3385 incrementum
1021 3311 1066 3385 de
1104 3313 1249 3410 singulis
1292 3312 1587 3387 hebdomadibus

523 3441 621 3498 certa
642 3428 911 3526 computatione
936 3426 1146 3521 deductum,
1173 3428 1405 3528 quadraginta
1441 3428 1586 3503 modios

524 3540 676 3615 dimidio
698 3544 817 3615 minus
842 3544 981 3642 recipit.
1010 3547 1249 3619 Denariorum
1274 3572 1359 3619 vero
1387 3548 1587 3620 incremen-

524 3670 603 3729 tum
616 3659 744 3756 septies
759 3660 881 3756 viginti
897 3674 933 3733 et
950 3684 1009 3733 sex
1017 3660 1126 3733 libras
1142 3678 1179 3735 et
1194 3662 1320 3736 decem
1345 3661 1479 3736 solidos
1505 3686 1586 3735 con-

525 3788 605 3845 stat.
637 3778 797 3848 Domum
823 3801 903 3874 quae
926 3794 1087 3876 superest
1116 3794 1228 3878 portae
1251 3780 1436 3853 Parisiensi
1463 3804 1582 3853 versus

525 3892 695 3962 Sanctum
709 3890 927 3965 Medericum
944 3894 1096 3967 emimus
1114 3894 1213 3967 mille
1236 3894 1371 3987 solidis,
1398 3896 1582 3995 quoniam,

526 4029 611 4078 cum
632 4007 837 4107 frequenter
861 4010 1111 4083 interessemus
1143 4012 1299 4109 negociis
1322 4011 1435 4109 regni,
1466 4036 1533 4083 nos
1552 4025 1586 4083 et
1711 3998 1712 4009 ¹

528 4144 640 4218 equos
657 4139 813 4221 nostros,
829 4125 893 4198 sed
911 4141 947 4199 et
965 4149 1186 4201 successores
1206 4143 1349 4201 nostros
1366 4126 1502 4201 ibidem
1520 4126 1583 4198 ho·
1711 4200 1712 4213 ἢ

571 4376 600 4432 t.
613 4374 713 4431 Adbuc
723 4372 839 4435 deestin
851 4377 899 4435 ed.
910 4376 1016 4437 Chesn.
1025 4381 1100 4442 -2.
1115 4378 1276 4454 Librarum,
1292 4380 1441 4454 mendose,
1454 4379 1519 4439 cod.
1531 4400 1581 4447 ms.

570 4467 601 4526 3.
622 4472 834 4542 Satur-Laeter,
846 4469 914 4538 viiia
927 4468 1114 4533 adorientem
1126 4472 1221 4533 Sancti
1237 4470 1367 4551 Dionysii
1381 4471 1451 4534 olim
1463 4474 1525 4537 situ.
