3742 5667
151 862 155 893 l

764 776 945 834 cataras.
1327 775 1384 834 363

372 915 505 984 Actum
518 912 658 984 esthoc
678 908 810 983 ethaeo
833 923 930 980 carta
952 931 1048 982 anno
1071 908 1117 982 ab
1145 910 1384 984 incarnatione

323 1027 475 1100 Domini
485 1030 702 1120 ucxtvtll,
711 1038 880 1122 regnante
889 1025 1070 1100 Ludovioo
1078 1049 1160 1120 rege
1168 1031 1385 1100 Francorum

323 1158 361 1215 et
377 1141 472 1216 duce
487 1143 759 1240 Aquitauorum,
782 1166 878 1215 anno
894 1143 994 1238 regni
1014 1142 1067 1215 sni
1088 1143 1215 1232 XVIII,
1237 1142 1386 1216 ahbatiae

324 1284 414 1332 vero
430 1275 559 1334 nostrae
574 1263 729 1332 xwi.

325 1650 405 1698 xm.
438 1652 484 1699 DE
506 1652 602 1700 ttovn
631 1649 811 1699 Ganuenta
838 1647 1023 1697 AEDIFICA’I'A
1047 1647 1084 1695 nt
1108 1646 1314 1695 rsamoato
1338 1647 1386 1696 nn

377 1764 498 1812 Hom
522 1765 568 1811 nu
593 1763 690 1830 eom,
720 1762 762 1809 Π
788 1761 824 1808 VI
852 1761 975 1809 monus
1002 1761 1121 1828 aarum
1151 1759 1310 1808 aaaoms
1338 1759 1387 1810 AD

377 1875 519 1925 causata
541 1875 645 1924 umus
668 1874 783 1924 1101)ss-

326 2135 420 2213 Suger
440 2134 508 2192 cede
530 2135 550 2190 ὰ
582 2133 712 2210 I'ahbaye
734 2137 770 2192 de
795 2141 942 2211 Longpont
960 2137 1009 2189 sie
1033 2135 1126 2190 milich
1152 2135 1190 2190 de
1215 2145 1289 2190 terre
1308 2135 1387 2192 sisci

372 2227 535 2302 Vanberon,
554 2243 650 2288 contre
670 2248 725 2286 rene
749 2241 828 2285 reate
854 2227 922 2285 d‘ua
948 2229 1041 2285 nauide
1060 2229 1095 2284 de
1120 2227 1244 2304 [rement
1263 2241 1291 2285 ct
1319 2227 1387 2285 (Iun

370 2325 464 2382 metieti-
477 2321 614 2383 dovotae.

807 2479 911 2562 (1150)

379 2697 418 2763 lu
437 2692 583 2765 nomine
604 2693 716 2765 Patris
737 2709 772 2766 et
790 2694 869 2766 Filii
888 2710 923 2768 et
946 2695 1097 2794 Spiritus
1114 2692 1237 2768 sancti.
1260 2691 1385 2770 Amen,

331 2809 510 2904 Sugerius,
529 2811 649 2882 Sancti
657 2810 818 2909 Dyonisii
834 2812 1036 2910 ariopagitae
1052 2811 1178 2903 abbas,
1192 2809 1389 2884 Godeirido

330 2924 453 2996 abbati
479 2939 515 2998 et
537 2925 709 2998 universis
726 2925 894 2999 iratribus
911 2931 1022 3025 Longi
1043 2929 1184 3001 Pontis'
1205 2943 1278 3000 tam
1298 2952 1387 3026 prae·

331 3040 488 3112 sentibus
504 3066 613 3139 quam
631 3043 843 3114 successuris
863 3045 1139 3143 imperpetuum.
1161 3045 1305 3115 Certum
1322 3060 1386 3135 est,

332 3155 424 3228 servi
438 3157 518 3248 Dei,
537 3181 602 3228 vos
621 3154 667 3227 de
681 3155 866 3230 laboribus
881 3172 1023 3231 tantum
1046 3175 1082 3231 et
1104 3158 1149 3230 de
1162 3159 1391 3231 nutrimentis

331 3271 462 3362 vivere,
477 3286 538 3343 aut
553 3271 599 3344 de
616 3271 817 3343 elemosinis
831 3277 1033 3346 sustentari.
1049 3275 1129 3346 Vita
1144 3287 1181 3346 et
1196 3273 1390 3346 substantia

330 3402 459 3480 vestra,
484 3403 619 3485 quanto
639 3402 692 3459 est
716 3389 842 3481 artior,
868 3403 970 3462 tanto
999 3388 1108 3462 dehet
1130 3415 1205 3462 esse
1229 3388 1388 3464 liberior.

333 3507 529 3601 Eapropter
552 3528 695 3602 aequum
716 3502 905 3577 ethonum
931 3521 985 3578 est
998 3520 1051 3598 ut,
1063 3521 1186 3578 restrae
1199 3503 1390 3579 humilitati

331 3618 667 3707 condescendentes,
678 3619 781 3716 justis
793 3619 976 3693 desideriis
992 3620 1154 3719 hylarem
1165 3636 1290 3692 vcstrae
1304 3623 1393 3719 peti·

331 3735 437 3806 tionis
459 3734 690 3807 exhibeamus
710 3734 892 3808 eliectum.
918 3741 979 3809 Est
1000 3737 1037 3808 in
1062 3737 1269 3836 episcopatu
1286 3740 1390 3808 Sues-

331 3851 485 3923 sionensi
504 3875 596 3923 nova
613 3852 755 3948 grangia
771 3876 880 3949 qnam
896 3851 1107 3945 aedificastis,
1121 3853 1202 3924 loco
1219 3876 1291 3951 quo
1308 3850 1393 3924 dici-

332 3968 444 4038 turin
475 3965 687 4039 Valleberou
696 3969 720 4058 ⁸,
743 3969 968 4040 contermina
999 3969 1179 4041 territorio
1205 3981 1328 4041 nostro
1355 3969 1392 4038 in

370 4223 401 4278 t.
420 4219 464 4276 Ex
479 4215 598 4296 chesn„
614 4219 663 4297 IV,
681 4221 751 4278 555.

370 4313 401 4374 2.
419 4307 570 4369 Abbatiatn
584 4309 677 4388 Longi
686 4309 782 4370 Pontis
796 4310 897 4394 viginti
907 4312 967 4370 iere
977 4311 1149 4374 annisantel
1160 4310 1394 4372 inSuessionensi

274 4398 278 4405 ’
332 4402 449 4464 dioecesi
463 4404 594 4464 fundavit
608 4404 750 4465 Goslenus
762 4405 930 4488 episcopus,
944 4408 994 4486 qui
1008 4407 1077 4466 huic
1093 4409 1199 4467 ehartae
1211 4407 1392 4488 subscripsit.

375 4503 404 4558 3.
425 4497 539 4557 Nostris
553 4497 698 4557 Vauberon
712 4497 835 4579 (Anne).
