3742 5667
593 710 854 798 rnnoionsons
876 737 1198 796 consuescamus
1362 741 1417 800 tas

333 862 466 934 luntas
483 869 680 938 obnoxiam
696 865 783 953 Quid
805 867 911 934 enim?
928 867 960 934 Si
980 867 1145 960 sapientia,
1167 869 1195 935 si
1216 868 1419 960 providentia

335 969 513 1055 quaeritur
524 971 560 1036 in
572 969 717 1062 Sugerio,
731 987 820 1036 tanta
832 971 1002 1061 reperitur,
1022 987 1058 1036 ut
1074 993 1282 1062 quocumque
1291 972 1421 1064 negotia

335 1085 467 1138 vestro
493 1072 641 1139 nituntur
664 1071 809 1152 consilio,
836 1072 959 1139 cautius
980 1071 1171 1164 procedant,
1195 1089 1227 1139 et
1248 1073 1422 1140 succedant

339 1167 495 1240 felicius.
511 1175 543 1239 Si
556 1174 598 1240 ad
611 1173 798 1264 religionem
814 1173 1000 1258 recurritur,
1022 1177 1063 1239 de
1077 1173 1207 1266 speculo
1223 1173 1295 1239 vitre
1307 1190 1420 1241 vestrae

339 1273 494 1357 relucet,
507 1293 540 1343 et
553 1275 641 1366 quod
652 1274 728 1342 loris
741 1277 857 1356 luceat,
873 1293 906 1342 et
928 1275 1016 1367 quod
1035 1275 1121 1344 intus
1142 1275 1305 1368 expediat.
1317 1274 1421 1342 Addi-

342 1391 408 1440 tur
417 1375 620 1445 liberalitatis
629 1379 835 1469 praeconium,
849 1402 919 1468 quae
931 1379 1094 1445 beneficiis
1102 1380 1276 1471 provenire
1286 1377 1416 1470 gaudet,

341 1480 501 1549 necdum
513 1498 624 1572 rogata
636 1479 898 1573 rogaturum¹....

406 1807 470 1856 vn.
509 1807 639 1856 numan
660 1807 706 1856 nn
736 1808 906 1872 sosoma,
934 1787 1070 1870 bacon
1097 1807 1144 1856 nn
1170 1807 1371 1868 sarrsnonr,

805 1934 827 1980 s
851 1931 976 1982 soona.

405 2226 528 2293 Dilecto
544 2244 577 2293 et
590 2227 704 2294 merito
723 2227 886 2320 diligendo
901 2229 983 2320 patri
1005 2246 1038 2295 et
1054 2227 1187 2295 domino
1200 2228 1349 2320 sugerio,
1361 2231 1421 2298 Dei

354 2330 461 2420 gratia
491 2328 600 2394 abbati
624 2330 731 2396 Sancti
760 2330 920 2422 Dionysii,
946 2330 1036 2421 regni
1066 2333 1264 2397 Francorum
1290 2331 1419 2412 rectori,

353 2431 572 2522 Joscel[in]us,
611 2433 725 2500 eadem
747 2433 848 2526 gratia
879 2433 1113 2500 Saraberiensis
1145 2432 1331 2524 episcopus,
1363 2436 1423 2500 sub

356 2536 474 2624 pennis
489 2533 651 2600 Cherubin
667 2559 782 2603 manus
797 2537 948 2602 hominis.

404 2635 571 2727 Opinionis
592 2653 705 2703 vestrae
726 2638 821 2718 odor,
849 2640 905 2728 qui
937 2640 1186 2729 circumquaque
1221 2637 1423 2717 diffunditur,

358 2759 421 2801 nos
435 2736 477 2803 tle
490 2738 709 2804 transmarinis
722 2739 867 2829 partibus
879 2741 914 2804 in
928 2761 1074 2806 amorem
1085 2743 1181 2806 vestrl
1195 2762 1324 2806 currere
1334 2737 1421 2806 fecit.

358 2835 515 2904 Venimus
531 2861 608 2928 ergo
630 2839 669 2906 de
692 2839 809 2906 linibus
824 2857 996 2921 terrarum,
1015 2855 1165 2921 vestram,
1181 2840 1301 2907 scilicet
1322 2841 1424 2906 nostri

360 2941 513 3032 temporis
535 2941 715 3007 Salomonis
732 2942 843 3008 andire
864 2942 1067 3034 sapientiam.
1088 2941 1283 3033 Sapientiam
1303 2941 1425 3007 audivi·

361 3067 442 3123 mus,
464 3042 620 3135 templum
636 3044 724 3134 quod
741 3045 920 3112 aedificastis
935 3045 1127 3137 aspeximus,
1145 3061 1334 3111 ornamenta
1354 3068 1425 3134 quae

360 3145 485 3213 avobis
499 3146 607 3213 oblata
630 3163 705 3212 sunt
723 3164 756 3212 et
772 3147 951 3214 offeruntur
966 3147 1117 3233 vidimus,
1134 3146 1284 3213 ordinem
1312 3144 1424 3212 minis-

268 3311 276 3324 „
359 3264 483 3314 trorum
502 3263 536 3314 et
563 3247 813 3316 ministeriorum
835 3250 1029 3316 attendimus
1049 3274 1058 3313 t
1084 3266 1117 3315 et
1140 3248 1257 3316 merito
1281 3249 1315 3314 in
1340 3248 1424 3314 illius

360 3349 513 3416 Australis
530 3349 648 3439 reginas
665 3376 759 3418 voces
781 3353 994 3442 erumpimus,
1022 3351 1097 3442 quia
1127 3350 1232 3419 media
1257 3373 1332 3442 pars
1359 3374 1424 3416 non

355 3451 456 3518 luerit
473 3453 568 3518 nobis
594 3447 755 3532 nunciata,
780 3471 813 3521 et
838 3453 991 3544 quoniam
1019 3455 1125 3540 major
1149 3469 1197 3518 est
1220 3451 1375 3543 sapientia
1395 3469 1427 3518 et

360 3577 460 3646 opera
479 3577 576 3644 quarn
600 3579 712 3622 rumor
731 3554 827 3621 fuerit
846 3557 880 3621 in
905 3573 991 3621 terra
1011 3572 1133 3622 nostra.
1159 3555 1241 3638 Quis
1257 3555 1343 3620 enim
1357 3576 1424 3618 non
1517 3572 1519 3577 ·

360 3659 494 3723 miretur
507 3657 671 3724 hominem
686 3681 787 3724 unum
798 3674 848 3724 tot
864 3676 897 3724 et
911 3673 1000 3723 tanta
1014 3656 1168 3723 sustinere
1182 3656 1326 3746 negotia,
1342 3672 1379 3720 ut
1393 3672 1426 3720 et

361 3759 564 3826 ecclesiarum
584 3783 697 3852 paoem
718 3775 895 3842 oonset'vet,
914 3775 1033 3826 statum
1054 3760 1221 3839 reformet,
1240 3775 1272 3824 et
1290 3781 1426 3850 regnum

361 3861 555 3948 Franporum
569 3864 665 3928 armis
676 3877 814 3940 tueatur,
829 3861 973 3928 moribus
987 3877 1091 3941 ornet,
1108 3860 1233 3952 legibus
1249 3858 1426 3926 emendet?

360 3961 479 4030 Merito
493 3964 600 4053 itaque
614 3985 702 4029 mare
718 3964 838 4028 intrare
852 3961 1032 4043 debuimus,
1041 3979 1074 4028 et
1085 3962 1183 4028 vitam
1197 3977 1340 4028 nostram
1352 3961 1425 4026 velo

360 4081 392 4130 et
400 4065 504 4132 ventis
513 4064 722 4144 committere,
733 4063 859 4155 etlongi
868 4063 990 4132 itineris
998 4065 1182 4132 innumeras
1192 4062 1327 4156 experiri
1337 4062 1424 4129 diffi-

361 4168 504 4248 cultates,
523 4185 559 4237 ut
571 4167 762 4234 adrastiam
776 4189 942 4257 possemus
952 4167 1118 4258 pervenire
1133 4166 1361 4234 notitiam’....

403 4377 433 4430 l.
449 4374 493 4428 Ex
507 4369 626 4446 chesn,
639 4373 688 4440 lV,
706 4372 776 4429 500.
786 4371 899 4428 -ller.
909 4372 1009 4448 gallic.
1022 4374 1136 4445 script„
1152 4371 1218 4429 XV.
1233 4369 1305 4429 498.

403 4467 433 4523 Ξ.
454 4467 496 4522 Ex
512 4462 630 4540 chesn,
644 4465 696 4537 tv,
712 4467 781 4522 50³.
797 4495 837 4508 -
851 4465 918 4524 Iler.
929 4465 1003 4542 gall.
1017 4468 1132 4540 script„
1146 4460 1219 4522 ibid.
1233 4494 1274 4507 -
1289 4463 1326 4521 V.
1339 4460 1426 4521 etiarn
