3742 5667
617 802 680 858 vlt:
701 801 749 857 DE
769 801 883 860 LOUlS
903 801 951 858 LE
970 801 1078 860 GROS.
1336 803 1375 864 16

362 938 420 1005 ΧΙ.
450 933 551 1006 Sicut
580 957 666 1030 ergo
691 932 832 1006 nobiles
852 932 1040 1030 ignobiles,
1064 933 1238 1029 gloriosos
1259 935 1375 1031 inglo-

316 1047 581 1141 rios¹reddens,
590 1047 731 1146 pigritia
743 1048 916 1121 desidiam
927 1049 1096 1122 comitata
1104 1049 1179 1120 imo
1188 1047 1373 1148 deprimit;

313 1165 362 1237 sie
390 1163 536 1237 nobiles
568 1163 785 1257 nobiliores,
814 1163 987 1260 gloriosos
1014 1164 1238 1261 gloriosiores
1265 1166 1378 1240 virtus

312 1280 438 1371 animi,
461 1279 626 1379 corporis
650 1281 818 1353 exercitio
842 1281 986 1377 agitata,
1007 1281 1145 1380 superis
1167 1279 1309 1369 attollit,
1340 1295 1378 1356 et

312 1395 444 1494 quibus
453 1395 632 1469 oblectata
646 1397 835 1469 strenuitas
859 1396 1076 1495 perfruatur,
1104 1393 1273 1496 praeclara
1292 1396 1377 1469 faci·

312 1535 402 1583 nora
432 1512 688 1610 undecumque
711 1526 887 1584 terrarum
909 1512 996 1584 viris
1014 1511 1200 1585 offerendo
1217 1513 1373 1611 reponit.

313 1630 491 1700 assistunt
500 1628 667 1725 equidem
685 1629 748 1725 qui
769 1627 965 1724 magnificis
981 1630 1146 1701 exorent¹
1162 1629 1373 1728 suppliciis⁸,

313 1741 429 1815 multo
447 1744 556 1816 etiam
577 1760 612 1817 et
631 1758 844 1843 sumptuoso
865 1743 1022 1834 servitio,
1046 1745 1093 1816 ad
1114 1754 1233 1843 partes
1246 1744 1376 1818 Bituri-

313 1859 475 1931 oensium
490 1858 678 1933 dominum
695 1859 916 1932 ludovicum
928 1874 1157 1949 transmeare,
1168 1885 1209 1931 ea
1221 1859 1259 1932 in
1273 1875 1376 1959 parte

313 1997 380 2070 qua
402 1973 563 2047 confinia
584 1975 907 2048 lemovicensium⁸
924 1976 1203 2067 conterminant,
1227 1974 1275 2048 ad
1296 2000 1374 2048 oas-

313 2103 406 2162 trum
420 2089 591 2164 videlicet
604 2093 738 2164 Sanctae
754 2093 891 2163 Severae
913 2088 1187 2178 nobilissimum,
1213 2105 1250 2163 et
1267 2091 1376 2166 haere·

313 2203 441 2276 druria
473 2205 609 2279 militiae
639 2206 862 2304 possessione
892 2206 1083 2297 famosum,
1112 2206 1233 2307 pedite
1257 2207 1374 2282 multo

313 2318 545 2419 populosum,
562 2321 824 2420 dominumque
847 2322 942 2396 illius
962 2322 1081 2396 virum
1099 2323 1261 2397 nobilem
1278 2328 1376 2396 Hun-

313 2432 493 2530 baldum¹,
521 2453 584 2512 aut
606 2439 654 2511 ad
671 2438 922 2538 exequendum
941 2439 1116 2535 justitiam
1141 2463 1280 2534 cogere,
1311 2453 1375 2513 aut

311 2551 390 2650 jure
403 2577 475 2652 pro
491 2554 621 2651 injuria
636 2570 794 2627 castrum
810 2553 886 2650 lege
902 2553 1016 2626 Salica
1031 2555 1205 2629 amittere.
1218 2559 1374 2653 Rogatus

315 2693 413 2758 vero,
432 2695 508 2742 non
518 2695 602 2742 cum
611 2671 727 2765 hoste,
740 2670 803 2743 sed
815 2669 1097 2742 domesticorum
1109 2668 1255 2743 militari
1266 2697 1375 2746 manu

315 2781 401 2856 [ines
417 2784 503 2858 illos
523 2787 723 2883 ingressus‘‚
738 2812 823 2859 cum
838 2785 885 2859 ad
902 2801 1058 2858 castrum
1074 2785 1269 2879 festinaret,
1287 2811 1376 2886 prae-

315 2899 406 2972 latus
427 2902 642 2975 castellanus
671 2901 783 2975 multa
814 2901 942 2975 militia
960 2901 1152 2974 comitatus
1172 2900 1375 2998 (eratenim

315 3019 475 3113 generosi
507 3017 707 3114 sanguinis,
740 3017 835 3090 bene
866 3016 1024 3089 liberalis
1049 3031 1086 3089 et
1119 3016 1305 3117 providus)
1341 3017 1375 3090 ei

314 3134 485 3226 occurrit3
502 3133 694 3232 rivumque
708 3133 903 3231 quemdam
920 3133 1095 3232 repagulis
1111 3153 1147 3206 et
1171 3133 1260 3232 palis
1281 3157 1375 3232 prae·

315 3271 451 3344 ponens
482 3247 599 3346 (nulla
628 3248 726 3322 enim
761 3249 829 3321 alia
859 3248 1074 3323 succedebat
1094 3249 1183 3346 via),
1207 3250 1375 3322 exercitui
1459 3301 1465 3308 ·

315 3365 534 3435 Francorum
549 3365 689 3438 resistit.
699 3370 862 3462 Cumque
875 3366 929 3439 ibi
944 3365 1124 3438 mediante
1139 3366 1217 3439 rivo
1233 3366 1376 3462 utrique

353 3660 384 3717 1.
396 3659 570 3734 ingloriosos
586 3659 697 3730 12710,
711 3658 803 3733 6265,
816 3655 945 3736 itemque
958 3658 1029 3721 edit.
1044 3660 1143 3720 Germ.

352 3751 386 3812 2.
398 3755 544 3810 &omne
566 3752 637 3824 sta,
660 3753 801 3811 5925.-
813 3752 977 3812 Exlorrear
994 3755 1065 3826 136,
1087 3755 1177 3825 6266,
1198 3764 1284 3832 atque
1303 3753 1370 3820 edd.

313 3846 414 3907 Germ.
429 3857 459 3904 et
471 3844 578 3908 chesn.

352 3942 385 4004 2.
399 3940 432 3999 16
444 3951 488 4000 est
499 3939 762 4018 supplicationibus,
775 3959 834 4020 quo
847 3959 933 4001 sensu
942 3959 1042 4000 rocem
1049 3942 1218 4018 supplicium
1229 3955 1372 4024 usurpant

312 4034 425 4104 Varro,
449 4033 612 4110 Sallustios,
648 4032 762 4094 Tacitus
792 4032 900 4114 aliique
926 4031 1030 4114 optimi
1062 4032 1210 4094 latinitatis
1236 4047 1368 4098 auctores

312 4123 433 4204 (bened.
451 4169 459 4184 .

353 4221 387 4279 6.
405 4127 451 4278 sil
473 4220 569 4295 6266,
584 4230 671 4298 atque
689 4219 758 4280 edd.
779 4219 885 4281 chesn.
906 4232 935 4279 et
951 4219 1062 4281 Rened.
1075 4251 1116 4265 —
1128 4219 1370 4296 limicensium,

312 4323 439 4387 quatuor
454 4309 557 4389 reliqui
569 4310 657 4371 codd.
671 4331 705 4370 ao
719 4310 765 4371 ed.
780 4315 881 4374 Germ.

355 4409 387 4466 6.
405 4403 593 4465 notandum
604 4407 693 4466 6266.
707 4439 748 4452 -
759 4405 949 4466 Heinbaldum
965 4403 1035 4467 edit.
1050 4405 1147 4466 Germ.

355 4502 389 4561 6.
404 4500 486 4558 Anno
500 4500 579 4559 1167
591 4497 636 4558 vel
649 4499 739 4559 1166.
