3742 5667
778 788 958 849 cunutus,
1340 798 1398 854 359

341 917 439 988 tione
450 917 645 1008 exhilarati,
658 917 705 990 de
718 919 925 1016 peragendo
934 921 1086 1014 solliciti,
1098 926 1302 998 varietatem
1311 943 1399 1000 tem·

340 1056 485 1130 porum,
512 1033 789 1106 diminutionem
805 1059 1053 1132 personarum,
1072 1045 1192 1112 etmel
1207 1042 1317 1140 ipsius
1333 1043 1396 1116 de-

339 1149 475 1222 lectum
505 1153 811 1250 pertimescentes,
841 1157 1026 1226 communi
1053 1155 1203 1228 fratrum
1228 1159 1394 1250 consilio,

338 1267 578 1340 assistentium
601 1269 840 1366 persuasione,
870 1270 1007 1342 domini
1036 1274 1128 1368 regis
1151 1297 1308 1364 assensu,
1332 1299 1396 1348 uu-

337 1382 480 1454 nualem
495 1383 677 1456 redditum
684 1384 741 1456 bis
757 1384 939 1482 explendis
951 1388 1214 1480 constituimus,
1228 1389 1395 1464 videlicet

337 1514 484 1572 centum
497 1500 753 1599 quinquaginta
769 1500 876 1573 libras
888 1502 933 1575 de
954 1505 1210 1602 gazophilacio,
1225 1506 1263 1577 id
1280 1523 1333 1578 est
1348 1507 1393 1580 de

338 1615 581 1689 oblationibus
594 1618 1015 1716 altarisetreliqniarum3
1027 1634 1171 1693 centum
1189 1623 1225 1694 in
1240 1622 1394 1713 ludicto,

339 1747 374 1804 et
387 1735 642 1831 quinquaginta
657 1735 694 1806 in
714 1733 804 1806 sesto
817 1737 928 1807 sancti
949 1737 1125 1834 Dionysii;
1140 1738 1397 1835 quinquaginta

339 1851 447 1922 etiam
484 1850 530 1923 de
563 1851 785 1950 possessione
818 1853 884 1923 sita
922 1853 959 1923 in
1004 1851 1117 1940 Belsa,
1152 1877 1231 1950 quae
1267 1853 1397 1926 dicitur

338 1965 486 2052 l'illana,
500 1967 600 2063 prius
614 1965 760 2056 inculta,
778 1965 842 2037 sed
855 1967 988 2038 auxilio
1001 1967 1067 2038 Dei
1081 1983 1116 2038 et
1132 1983 1255 2040 nostro
1272 1967 1396 2042 labore

339 2083 535 2179 composita
544 2096 580 2153 et
589 2080 634 2153 ad
648 2080 768 2154 valens
782 2098 909 2179 quater
924 2083 1047 2178 viginti
1061 2083 1234 2156 librarum
1252 2085 1396 2182 singulis

337 2197 439 2269 annis
452 2197 649 2295 adaptata¹.
670 2200 756 2285 Quae
769 2196 799 2268 si
813 2222 1043 2295 quocumque
1055 2198 1252 2271 infortunio
1267 2199 1323 2271 his
1339 2226 1395 2272 ex-

338 2309 477 2409 plendis
497 2310 678 2402 deficeret,
697 2311 764 2382 alia
793 2311 893 2384 Belsa
914 2327 1055 2404 nostra,
1078 2338 1186 2411 quam
1208 2312 1395 2412 dupliciter

337 2441 399 2499 aut
407 2427 595 2526 tripliciter
605 2429 640 2498 in
654 2425 856 2499 redditibus
866 2431 1186 2524 augmentavimus
1198 2429 1390 2527 suppleret.

337 2546 406 2613 Has
421 2557 542 2615 autem
568 2543 739 2616 ducentas
762 2542 880 2633 libras,
902 2559 1029 2643 praeter
1047 2569 1088 2616 ea
1111 2570 1189 2642 quae
1213 2546 1260 2618 ad
1275 2571 1392 2618 arcam

336 2659 566 2757 gazophilacii
589 2659 780 2732 devotione
811 2659 971 2732 fidelium
1004 2660 1302 2760 deportabuntur,
1337 2661 1394 2735 vel

337 2799 571 2872 quaecumque
605 2777 671 2874 ipsi
707 2776 849 2873 utrique
880 2781 980 2874 operi
1016 2777 1224 2869 offerentur,
1252 2792 1393 2851 tantum

335 2893 539 2963 continuari
554 2893 638 2991 ipsis
661 2891 829 2990 operibus
846 2892 1080 2985 firmavimus,
1099 2892 1214 2965 donec
1239 2892 1394 2966 totaliter

333 3005 468 3105 absque
490 3005 561 3078 ulla
587 3007 780 3104 quaestione
799 3007 926 3105 etipsa
947 3004 1130 3100 aedificia²,
1155 3023 1191 3081 et
1215 3009 1393 3081 anteriora

334 3137 370 3194 et
397 3123 594 3220 superiora,
618 3146 702 3194 cum
729 3122 801 3193 suis
822 3123 995 3214 tmribus,
1020 3124 1169 3195 omnino
1193 3123 1391 3197 honorifice

333 3238 608 3337 compleantur¹.

381 3358 510 3427 Actum
525 3356 562 3426 in
574 3357 758 3428 communi
772 3353 928 3453 capitulo
942 3357 1038 3428 Beati
1050 3357 1222 3454 Dionysii,
1241 3379 1391 3455 praesen·

336 3470 431 3543 tibus
446 3472 606 3568 personis
620 3496 699 3568 quae
712 3471 1055 3562 subterscribuntur,
1070 3497 1224 3570 quarum
1239 3474 1392 3545 atrctori·

335 3601 387 3657 tas
415 3586 484 3658 sub
516 3587 741 3659 anathemate
770 3586 995 3659 confirmavit
1022 3588 1190 3686 praedicta
1219 3587 1385 3686 capitula.

381 3702 526 3797 Signum
544 3701 696 3789 Milonis,
709 3703 933 3775 Morinorum
942 3703 1110 3802 episcopi.
1130 3705 1277 3798 Signum
1294 3707 1389 3776 Gua-

335 3818 415 3911 rini,
430 3816 675 3891 Ambianensis
696 3819 866 3917 episcopi.
881 3819 1028 3912 Signum
1049 3819 1234 3907 Gaulmdi,
1253 3821 1390 3891 Carno-

334 3933 423 4004 tensi
444 3934 614 4032 episcopi.
643 3935 789 4030 Signum
802 3935 972 4028 Hugonis‚
989 3935 1202 4006 Turonensis
1217 3931 1391 4033 archiepi-

373 4238 404 4296 l.
425 4237 461 4295 V.
470 4237 571 4314 suprl,
585 4257 618 4315 p.
634 4237 704 4311 tou,
721 4235 791 4294 ltu.
812 4265 852 4279 -—
865 4236 895 4296 2.
916 4235 995 4312 Ipsis
1004 4236 1149 4311 (edificiis,
1164 4234 1311 4311 mendose,
1322 4233 1391 4294 edd.

373 4333 403 4388 3.
424 4326 569 4408 Adjuttcta
581 4327 643 4386 baec
660 4327 768 4400 omnia,
782 4329 799 4385 b
815 4332 928 4386 collecto
941 4329 1059 4385 virorum
1080 4332 1232 4385 illustrium
1247 4327 1290 4407 (p.
1307 4328 1391 4409 357),

335 4421 441 4481 eisdem
449 4421 547 4481 verbis
557 4421 685 4482 narrarit
698 4419 847 4500 Sugerius,
860 4420 890 4479 in
906 4421 981 4481 libro
994 4425 1039 4480 De
1052 4427 1255 4480 consecratione
1268 4426 1393 4480 ecclesia*

334 4519 430 4574 Smrti
449 4519 593 4591 Diomsit,
604 4517 704 4596 sumu,
720 4536 751 4594 p.
768 4518 914 4576 eet-227.
