3742 5667
492 752 551 814 roo
712 742 877 807 ouuvnus
901 732 1112 804 corrueres
1131 747 1181 803 nu
1201 746 1335 804 suum.

492 885 683 960 clationem
708 881 954 981 propeccatis
979 880 1110 953 nostris
1134 879 1324 954 habemus.
1353 882 1578 979 Opponunt·

491 1004 599 1077 etiam
622 1002 684 1100 qui
701 998 885 1095 derogant,
904 997 1054 1071 debere¹
1074 996 1239 1070 sufficere
1261 995 1346 1069 huic
1368 997 1557 1071 amminis-

491 1119 636 1207 trationi
644 1132 800 1191 mentem
811 1115 1152 1204 sanctam,animum
1159 1138 1305 1214 purum,
1318 1115 1555 1187 intentionem

492 1235 648 1310 fidelem.
668 1238 711 1306 Et
729 1257 796 1305 nos
813 1230 961 1330 quidem
979 1231 1056 1303 haec
1075 1230 1244 1303 interesse
1259 1231 1447 1330 praecipue,
1466 1254 1556 1330 pro·

490 1354 582 1454 prie,
613 1348 810 1451 specialiter
833 1346 1089 1448 approbamus.
1116 1350 1157 1417 ln
1183 1346 1420 1419 exterioribus
1445 1347 1555 1419 etiam

492 1489 675 1538 sacrorum
692 1464 861 1538 vasorum
878 1463 1112 1553 ornamentis,
1130 1461 1222 1534 nulli
1233 1464 1383 1535 omnino
1396 1486 1497 1560 aeque
1511 1476 1556 1534 ut

492 1580 605 1653 sancti
624 1579 788 1655 sacrificii
803 1579 961 1668 servitio,
982 1580 1017 1650 in
1030 1578 1131 1651 omni
1149 1579 1306 1676 puritate
1324 1577 1499 1669 interiori,
1515 1578 1556 1649 in

492 1696 592 1768 omni
603 1695 790 1769 nobilitate
803 1694 982 1785 exteriori,
992 1692 1124 1766 debere
1139 1692 1307 1766 famulari
1323 1688 1551 1790 profitemur.

492 1815 534 1883 In
546 1810 712 1885 omnibus
723 1810 818 1882 enirn
828 1808 1070 1882 universaliter
1081 1809 1325 1882 decentissime
1335 1833 1402 1881 nos
1411 1823 1557 1907 oportet

492 1925 670 2000 deservire
685 1925 914 2027 Redemptori
925 1941 1066 2017 nostro,
1085 1926 1148 2023 qui
1168 1925 1205 1997 in
1230 1925 1400 1997 omnibus
1414 1925 1558 1997 univer·

492 2041 611 2115 saliter
632 2043 767 2140 absque
785 2042 993 2141 exceptione
1009 2041 1128 2139 aliqua
1148 2040 1255 2114 nobis
1275 2039 1464 2139 providere
1480 2064 1556 2112 nou

492 2158 689 2249 recusavit3
707 2159 769 2256 qui
789 2172 923 2229 natura
939 2182 1012 2231 suae
1024 2172 1184 2230 nostram
1200 2155 1267 2229 sub
1282 2180 1356 2227 uno
1372 2170 1409 2228 et
1426 2157 1556 2227 ammi·

436 2321 448 2352 ,
496 2270 603 2344 rabili
619 2271 808 2346 individuo
828 2273 956 2367 univit,
984 2274 1129 2369 quinos
1144 2274 1180 2343 in
1201 2284 1301 2369 parte
1319 2269 1469 2343 dexterae
1484 2295 1558 2341 suae

494 2386 631 2482 locans,
658 2412 809 2484 regnum
836 2413 943 2460 suum
968 2388 1140 2461 veraciter
1161 2386 1343 2486 possidere
1365 2385 1554 2485 promisit,

493 2506 669 2577 Dominus
684 2523 807 2577 noster
822 2505 885 2601 qui
901 2505 990 2577 vivit
1005 2519 1042 2577 et
1063 2516 1188 2601 regnat
1207 2527 1273 2602 per
1290 2502 1413 2575 omnia
1434 2500 1557 2574 secula

494 2619 711 2693 seculorum.

541 2734 659 2807 Altare
673 2734 778 2807 etiarn
800 2733 899 2833 quod
919 2736 1126 2808 testimonio
1142 2736 1375 2832 antiquorum
1391 2748 1555 2808 sanctum

491 2851 701 2923 nominatur
715 2848 825 2923 altare
844 2848 910 2950 (sic
930 2852 1028 2924 enim
1044 2852 1230 2924 consuerit
1244 2850 1365 2924 dicere
1380 2850 1556 2945 gloriosus

492 2990 554 3039 rex
572 2965 774 3039 Ludovicus
796 2966 951 3065 Philippi
967 2966 1013 3039 ab
1031 2966 1181 3038 infantia
1195 2990 1271 3058 sua,
1290 2967 1380 3040 dum
1402 2965 1461 3038 bic
1481 2992 1555 3039 nu-

493 3082 652 3170 triretur,
674 3107 711 3155 se
729 3106 750 3153 a
765 3081 967 3155 senioribus
986 3081 1057 3156 loci
1073 3081 1267 3179 didicisse),
1285 3082 1369 3180 quia
1388 3104 1473 3153 cum
1495 3105 1555 3154 ve-

493 3210 640 3288 tustate,
672 3211 751 3269 tum
782 3197 925 3271 delectu
953 3196 1069 3270 fidelis
1107 3196 1300 3289 custodiae,
1337 3213 1415 3269 tum
1447 3198 1555 3269 etiarn

492 3327 641 3415 propter
673 3311 898 3411 frequentem
928 3314 1130 3386 motionem
1163 3339 1243 3412 quae
1272 3311 1314 3385 fit
1342 3312 1556 3385 nobilissimi

493 3442 684 3527 apparatus
703 3431 902 3521 occasione,
922 3431 985 3528 qui
1010 3430 1140 3503 diversi
1160 3429 1324 3518 diversis,
1347 3430 1557 3504 excellentes

492 3539 802 3614 excellentioribus
832 3542 931 3615 lestis
963 3556 1218 3642 apponuntur,
1251 3542 1371 3614 minus
1407 3540 1558 3614 honeste

493 3680 683 3763 comptum
700 3665 908 3764 apparebat,
931 3667 982 3738 ob
998 3668 1236 3740 reverentiam
1252 3682 1458 3740 sanctarum
1475 3667 1557 3739 reli-

493 3780 659 3876 quiarum
677 3805 850 3854 renovare
862 3784 1077 3881 excepimus.
1097 3786 1264 3856 Sacratus
1279 3782 1459 3880 siquidem
1469 3781 1559 3880 lapis

494 3894 757 3993 porphireticus
771 3898 833 3995 qui
847 3912 1010 3995 superest
1024 3924 1105 3989 arae,
1125 3923 1199 3970 non
1217 3900 1337 3970 miuus
1348 3898 1558 3995 qualitativo

494 4010 615 4082 colore
641 4036 752 4109 quam
781 4014 1015 4111 quantitative
1040 4012 1286 4109 magnitudine
1307 4014 1410 4085 satis·
1437 4029 1555 4111 aptus,

495 4149 655 4198 concavo
676 4128 772 4224 ligno
788 4153 878 4201 auro
891 4144 1032 4229 operto,
1054 4130 1131 4228 ipsa
1145 4144 1322 4201 vetustate
1341 4128 1554 4228 interpolata

496 4239 695 4314 admodum
713 4243 891 4343 disrupto,
909 4245 1131 4342 cingebatur.
1145 4243 1255 4342 Cujus
1277 4245 1425 4317 concavi
1444 4244 1558 4316 faceta

538 4474 566 4529 t.
580 4476 698 4549 Desere,
717 4470 867 4548 mendose,
882 4474 986 4540 chesn.
1002 4475 1050 4537 ed.
1066 4508 1105 4525 -
1118 4480 1150 4537 Ξ.
1167 4482 1264 4548 Surus,
1277 4474 1364 4548 mali,
1380 4478 1447 4537 cod.
1461 4494 1515 4536 ms.
