3742 5667
747 780 809 838 vm
829 778 880 838 Dll¹
901 779 1036 840 SUGER.
1356 785 1414 844 tat

329 925 461 1000 quem
484 935 526 984 ex
546 909 722 984 destinato
738 908 865 982 laedere
884 909 1081 982 videamur.
1100 913 1219 982 Justus
1233 926 1355 986 autem
1374 929 1415 987 ut

330 1017 397 1092 leo
424 1025 633 1119 confidens,
650 1026 758 1124 hujus
781 1026 1055 1126 praesumptione
1075 1026 1228 1122 cognita,
1247 1050 1293 1099 ne
1314 1053 1416 1102 com·

331 1138 506 1214 missum
520 1141 588 1215 sibi
607 1143 769 1216 turbaret
786 1141 993 1239 imperium,
1012 1142 1102 1212 sicut
1117 1139 1284 1214 adversus
1302 1159 1416 1217 castra

333 1253 413 1326 Dei
443 1256 674 1330 dolositatem
699 1257 808 1330 fertur
827 1257 983 1329 irritasse
1005 1259 1225 1347 Graecorum,
1250 1251 1415 1334 commn-¹

335 1367 476 1444 nicato
506 1398 590 1444 curn
618 1371 784 1446 fidelibus
808 1373 908 1466 regni
936 1371 1100 1462 consilio,
1122 1396 1195 1444 uon
1216 1373 1316 1470 prius
1339 1374 1415 1472 ejus

334 1487 544 1560 conatibus
561 1487 694 1560 destitit
710 1486 866 1577 obviare,
886 1485 1003 1558 donec
1021 1510 1167 1559 omnem
1186 1485 1280 1558 illius
1295 1501 1415 1560 tumo-

336 1623 429 1672 rem
447 1601 644 1702 prudenter
657 1602 880 1700 compressit,
900 1615 936 1674 et
956 1600 1003 1672 ad
1019 1599 1233 1698 condignam
1252 1603 1414 1676 satisfac·

339 1714 493 1790 tionem
511 1743 593 1790 enm
607 1718 792 1817 compulit.
810 1722 919 1790 Tanta
941 1716 1116 1790 nimirum
1137 1717 1212 1816 ejus
1231 1734 1308 1791 erat
1326 1717 1415 1791 fides

340 1845 382 1903 et
403 1847 506 1906 tanta
526 1835 737 1927 constantia,
758 1848 799 1906 ut
817 1857 884 1933 pro
906 1833 1052 1905 veritate
1071 1832 1128 1906 vel
1145 1833 1293 1930 justitia,
1312 1834 1342 1907 si
1358 1859 1415 1907 res

341 1947 524 2043 exigeret,
536 1965 692 2022 mortem
707 1949 807 2022 laetus
826 1950 1014 2048 exciperet.
1032 1950 1140 2047 Cujus
1153 1949 1242 2022 dum
1254 1950 1415 2022 animum

342 2086 390 2133 ex
409 2063 580 2162 operibus
596 2065 796 2164 perpendo,
813 2079 849 2138 ct
861 2063 1011 2138 salutern
1023 2066 1196 2164 principis
1212 2079 1248 2137 et
1259 2066 1416 2139 reditum

343 2175 441 2250 huic
463 2205 572 2278 quam
596 2181 749 2253 maxime
774 2180 983 2254 ascribenda
1012 2175 1240 2254 crediderim.
1268 2185 1359 2254 Nam
1379 2197 1416 2256 et

345 2315 420 2390 pro
446 2295 558 2368 salute
586 2296 679 2368 illins
703 2320 725 2369 a
749 2295 845 2369 clero
870 2297 926 2369 vel
951 2295 1086 2395 populo
1107 2296 1415 2393 eleemosynarnm

347 2405 431 2481 fieri
465 2410 668 2506 largitiones
699 2427 735 2484 et
769 2411 913 2485 crebras
942 2413 1063 2484 statuit
1090 2413 1272 2484 tetanias:
1302 2439 1344 2485 ac
1368 2412 1414 2486 de

347 2524 472 2597 reditu
494 2525 679 2622 sollicitus,
702 2542 775 2600 tam
797 2527 944 2625 privatis
968 2527 1108 2626 scriptis
1132 2552 1241 2625 quam
1262 2527 1416 2626 publicis

349 2637 457 2712 illurn
472 2664 639 2714 revocare
652 2665 724 2714 non
737 2641 915 2735 cessabat,
928 2641 1036 2714 sedet
1048 2644 1213 2714 omnium
1222 2668 1415 2718 commune

349 2753 572 2828 desiderium
588 2757 772 2831 insinuans
792 2774 827 2830 et
844 2773 926 2831 vota
947 2781 1131 2856 suspensa,
1147 2783 1268 2832 moras
1288 2784 1414 2856 argue·

349 2868 416 2943 bat
430 2872 585 2947 inutiles.

404 2988 503 3060 Inter
518 2988 592 3060 haec
612 2989 746 3062 nemini
767 2990 901 3062 mirum
922 2987 1085 3062 videatur
1107 2991 1138 3064 si
1160 2990 1246 3064 huic
1261 2991 1340 3065 viro
1360 3015 1417 3065 ac·

355 3102 443 3175 cidit
452 3104 557 3201 quod·
566 3107 771 3202 contingere
780 3104 885 3178 bonis
897 3104 1066 3177 omnibus
1075 3106 1274 3178 consuevit.
1288 3111 1414 3199 Nemo,

355 3217 516 3315 inquam,
541 3219 705 3312 miretur,
727 3221 756 3293 si
781 3219 874 3293 labia
895 3222 1015 3319 iniqua
1035 3235 1071 3292 et
1091 3219 1252 3316 linguam
1275 3222 1414 3295 delato·

355 3356 438 3405 rum
452 3331 614 3407 dolosam
625 3335 786 3428 incurrit,
800 3361 821 3408 a
838 3334 970 3433 quibus
986 3359 1052 3407 nec
1068 3335 1229 3409 Salvator
1246 3337 1416 3409 immunis

355 3447 433 3520 fuit.
458 3453 565 3522 Fama
589 3451 767 3549 siquidem
795 3468 1039 3549 percurrente,
1066 3477 1146 3549 quae
1169 3452 1301 3524 cotidie
1317 3467 1353 3525 et
1368 3452 1415 3524 de

354 3561 460 3635 bonis
479 3563 570 3638 mala
599 3581 636 3638 et
653 3566 699 3638 de
714 3565 817 3638 malis
830 3565 926 3638 bona
944 3590 1007 3638 sua
1024 3567 1208 3638 facilitate¹
1226 3564 1412 3662 confingit,

355 3679 519 3775 quaedam
538 3680 582 3753 dc
602 3680 784 3777 illo‘regiis
801 3696 962 3778 suggesta
985 3698 1068 3755 sunt
1085 3681 1246 3773 auribus,
1260 3706 1339 3779 quae
1356 3706 1414 3754 rc·

355 3794 406 3888 gis
436 3796 598 3868 animum
623 3795 822 3896 simplicem
853 3814 890 3869 ct
917 3795 1068 3869 aliorum
1091 3796 1241 3869 allectus
1277 3821 1319 3870 ex
1347 3821 1414 3873 suo

354 3910 562 3986 metientem
591 3912 846 4012 aliquantisper
866 3912 1115 3986 turbaverunt.
1132 3911 1201 3984 Sed
1221 3937 1305 3985 cum
1328 3911 1416 3986 lide-

268 4062 278 4074 ·
355 4024 455 4116 lium,
481 4042 518 4100 et
535 4028 786 4126 hujusscilicet
808 4043 845 4100 et
863 4027 1020 4102 aliorum
1038 4028 1217 4100 orationes
1232 4029 1307 4124 regi
1332 4051 1415 4126 pro·

354 4137 500 4240 speru'm
523 4141 761 4218 obtinuissent
780 4143 958 4238 reditum,
984 4161 1021 4218 et
1044 4141 1097 4216 illi
1114 4147 1263 4217 Romam
1285 4165 1415 4242 appro-

382 4415 425 4480 'l.
440 4423 592 4481 Facllr'tate
603 4419 669 4481 cod.
685 4441 754 4495 ms,
769 4433 799 4482 ct
812 4420 879 4481 cdd.
893 4419 985 4484 Falib.
1001 4441 1035 4480 ac
1047 4419 1113 4482 bar.
1125 4416 1288 4483 debltolio.
1303 4451 1344 4466 -
1354 4424 1413 4480 Fe-

354 4519 476 4592 licitate,
491 4517 579 4595 malt,
590 4517 713 4594 bound„
727 4517 820 4597 quiin
831 4517 962 4598 margine
969 4528 1142 4601 supponunt
1151 4519 1326 4596 fallacitate.
