3742 5667
764 744 945 802 stitutus,
1323 747 1380 806 stt

329 874 454 972 utique
471 849 693 961 aedificatam,
707 873 869 946 similiter
884 875 1053 947 thesauro
1068 873 1218 947 liberam
1231 889 1266 948 et
1281 878 1381 974 quie·

329 1007 402 1064 tam
425 991 576 1062 omnino
595 988 798 1079 tribuimus,
816 990 863 1062 ita
881 989 1015 1063 scilicet
1031 1004 1071 1061 ut
1086 990 1205 1064 nullus
1220 992 1287 1064 nisi
1303 993 1382 1065 the-

330 1106 520 1198 saurarius,
544 1107 762 1204 quicumque
783 1107 829 1178 sit
844 1106 914 1197 ille,
932 1107 969 1176 in
996 1106 1070 1202 ipsa
1085 1104 1186 1178 vilia¹
1205 1123 1385 1182 mortuam

328 1246 493 1314 manum,
515 1221 714 1317 rotagicum
729 1237 792 1294 aut
807 1221 892 1294 alias
915 1221 1093 1319 quaslibet
1109 1221 1385 1295 consuetudines
1464 1249 1470 1268 κ

327 1335 383 1408 vel
406 1336 648 1408 forisfacturas
673 1337 789 1436 capiat
808 1360 876 1408 nec
896 1336 1038 1409 habeat.
1066 1334 1187 1410 Sedet
1207 1335 1385 1409 culturam

328 1449 980 1542 interQuadrariamctinterBesunz¹‚
993 1476 1102 1549 quam
1115 1453 1223 1524 etiam
1236 1475 1300 1550 per
1313 1454 1388 1524 Ste-

328 1566 491 1666 phanum
508 1567 766 1640 thesaurarium
780 1565 988 1639 hominibus
1003 1564 1049 1639 de
1061 1571 1194 1639 Besunz
1212 1566 1260 1638 ad
1268 1567 1388 1640 vineas

330 1680 541 1780 plantandas
573 1683 833 1773 concessimus,
868 1679 1104 1753 nihilominus
1131 1679 1258 1754 eadem
1283 1678 1389 1752 liber-

330 1810 403 1868 tate
427 1820 539 1895 quam
560 1795 716 1870 diximus
744 1797 790 1870 de
814 1796 1024 1887 Quadratia,
1053 1794 1220 1869 videlicet
1243 1811 1317 1867 tam
1342 1794 1390 1868 de

330 1899 474 1984 mortua
486 1936 594 1985 manu
604 1937 711 2010 quam
723 1912 769 1985 de
783 1912 860 1984 aliis
872 1908 1205 2002 consuetudinibus,
1222 1911 1390 1983 thesauro

330 2026 568 2100 contulimus:
590 2042 626 2099 et
646 2029 675 2100 si
694 2027 813 2126 aliqua
827 2043 970 2100 mortua
987 2051 1115 2100 manus
1131 2026 1216 2099 inde
1235 2050 1389 2098 emerse-

330 2146 390 2233 rit,
405 2167 480 2214 non
496 2142 544 2214 ad
557 2141 709 2234 abbatis,
726 2143 790 2216 sed
800 2143 847 2216 ad
873 2143 1080 2218 thesaurarii
1098 2167 1242 2214 manum
1257 2141 1388 2214 veniat.

331 2257 500 2330 Similiter
514 2283 597 2331 vero
614 2258 661 2330 de
677 2260 837 2356 rotagico
849 2275 885 2332 et
899 2259 977 2331 aliis
992 2260 1181 2333 statuimus
1203 2270 1393 2331 consuetu-

331 2370 490 2464 dinibus,
511 2372 650 2470 quodsi
665 2373 795 2472 aliquis
809 2374 903 2445 hauc
917 2389 1054 2446 cartam
1068 2373 1250 2464 violando,
1266 2372 1311 2445 de
1326 2371 1394 2442 hiis

332 2488 561 2586 suprapositis
573 2513 594 2560 a
605 2488 711 2561 nobis
725 2503 921 2585 nostroque
930 2503 1109 2562 conventu
1119 2489 1213 2561 Beati
1233 2485 1393 2585 Dionysii

333 2600 499 2674 thesauro
518 2605 696 2675 concessis
711 2602 796 2676 inde
812 2602 950 2701 aliquid
961 2602 1178 2697 alienaverit,
1194 2605 1260 2703 ipsi
1269 2616 1392 2674 sancto

332 2718 507 2815 Dionysio
522 2719 561 2790 in
578 2717 637 2790 die
648 2718 791 2817 judicii,
809 2719 846 2790 in
865 2718 1030 2790 districto
1043 2719 1216 2810 examine,
1230 2732 1312 2791 ante
1323 2715 1393 2790 dis·

334 2836 482 2908 trictum
491 2835 653 2933 judicem
670 2836 844 2908 rationem
861 2833 1001 2907 reddat.

381 2953 510 3023 Actum
518 2952 555 3023 in
571 2951 757 3023 communi
767 2949 924 3050 capitulo
935 2949 1032 3021 Beati
1044 2950 1221 3047 Dyonisii‚
1235 2953 1310 3022 XV⁰
1326 2949 1392 3020 ka-

335 3063 1393 3161 lendasjulii⁸‚annoinorrnationisDominicaeMCXXXVIH',

336 3178 529 3251 indictione
547 3183 635 3271 XV',
658 3193 779 3278 epacta
803 3183 939 3271 XXVI',
959 3194 1195 3252 concurrente
1210 3183 1285 3270 1v0,
1307 3178 1392 3251 luna

337 3296 495 3384 XXIIII',
507 3319 603 3367 anno
615 3319 703 3366 vero
718 3292 1032 3366 administrationis
1049 3309 1177 3366 nostrae
1188 3298 1292 3367 XVI'.

383 3408 533 3503 Signum
560 3409 686 3482 domni
707 3408 840 3505 Sugerii
858 3406 1009 3481 abbatis.
1034 3410 1079 3480 S.
1095 3409 1225 3481 Hervei
1247 3409 1387 3507 prioris.

337 3525 373 3594 S.
394 3524 563 3597 Bemardi
595 3526 835 3622 precentoris.
864 3527 901 3596 S.
932 3523 1103 3596 Johannis
1133 3522 1329 3596 infirmarii.
1353 3526 1387 3598 S.

338 3637 505 3736 Stephani
523 3639 742 3712 thesaurarii.
774 3642 811 3713 S.
841 3638 1013 3711 Gaufredi
1042 3638 1233 3737 capiciarii.

384 3753 420 3822 S.
451 3752 604 3852 Philippi
630 3755 836 3828 sacerdotis.
860 3758 896 3827 S.
927 3754 1090 3827 Gamerii
1117 3752 1323 3826 sacerdotis.
1353 3754 1390 3826 S.

338 3867 521 3941 Guillelmi
537 3869 743 3944 sacerdotis.
771 3873 808 3944 S.
841 3869 985 3943 Roberti
1006 3867 1209 3942 sacerdotis.
1242 3870 1279 3941 S.
1297 3870 1394 3939 Hen-

338 3982 402 4056 rici
426 3983 633 4058 sacerdotis.

376 4267 405 4322 t.
421 4272 459 4323 ln
475 4273 539 4341 r'psa
552 4269 624 4337 nlla,
641 4264 789 4336 mendose,
803 4263 956 4324 Dubletus.

377 4362 407 4417 Ξ.
429 4357 523 4438 Vulgo
535 4355 895 4437 resonuerunt-one).

378 4457 407 4513 3.
421 4449 466 4511 ab
476 4451 527 4511 ilio
539 4451 640 4528 verbo,
655 4450 768 4530 reliqua
780 4451 810 4512 in
823 4451 892 4513 edd.
906 4449 1092 4512 omittuntur.
