3742 5667
465 777 504 837 n
682 769 841 830 mussas
866 757 1085 830 constares
1106 773 1156 829 nr
1177 773 1313 831 suern.

465 919 623 980 castrum
651 918 687 978 et
712 903 1007 996 matrimonium,
1045 905 1180 977 incestu
1213 905 1528 1000 consanguinitatis

464 1021 652 1111 soedatum,
669 1019 822 1093 divortio
834 1018 965 1094 amisit.

513 1139 611 1211 VIlI.
638 1137 701 1208 llis
716 1150 752 1210 et
773 1134 852 1208 aliis
876 1137 1050 1209 virtutum
1069 1136 1299 1234 provectibus
1325 1134 1528 1232 designatus

466 1253 634 1327 dominus
649 1251 908 1344 conscendens,
926 1252 1025 1347 regni
1040 1250 1342 1325 administrationi
1353 1266 1389 1323 et
1405 1252 1529 1350 reipu-

464 1369 579 1458 blicae,
612 1368 705 1439 sicut
721 1391 758 1439 se
782 1369 834 1440 rei
865 1368 1116 1466 opportunitas
1141 1367 1329 1454 offerebat,
1356 1368 1531 1462 sagaciter

463 1483 666 1584 providere,
696 1482 963 1556 recalcitrantes
995 1483 1223 1583 perdomare,
1251 1483 1393 1556 castella
1420 1483 1532 1554 inses-

466 1599 576 1671 tantia
592 1597 880 1697 quibuscumque
893 1599 1012 1671 modis
1038 1615 1100 1672 aut
1117 1624 1294 1700 occupare
1316 1614 1379 1672 aut
1409 1600 1531 1672 incur·

465 1739 550 1788 vare
564 1729 707 1786 strenue
721 1713 914 1810 satagebat.
936 1713 1039 1787 Unde
1056 1740 1141 1786 cum
1165 1715 1286 1788 Guido
1305 1713 1527 1806 Trussellus¹,

467 1828 560 1902 filius
583 1829 725 1902 Milonis
754 1829 800 1902 de
828 1836 952 1903 Monte
970 1831 1139 1922 leherii',
1166 1832 1233 1904 viri
1260 1831 1471 1904 tumultuosi
1493 1847 1532 1904 et

467 1946 567 2043 regni
579 1943 785 2037 turbatoris,
806 1971 827 2018 a
851 1947 906 2018 via
928 1948 1049 2020 Sancti
1080 1946 1265 2046 Sepulchri
1289 1946 1441 2020 domum
1473 1972 1534 2019 re-

467 2063 655 2163 pedasset,
691 2064 825 2137 fractus
855 2065 953 2161 longi
994 2065 1131 2137 itineris
1161 2066 1358 2156 anxietate,
1399 2079 1435 2136 et
1471 2065 1533 2137 di-

416 2212 419 2218 ·
468 2203 651 2252 versurum
680 2204 871 2278 poenarum
913 2179 1106 2270 molestia,
1150 2196 1186 2254 et
1216 2181 1301 2278 quia
1340 2179 1533 2253 extraordi-

467 2295 566 2366 narie
599 2295 826 2368 Antiochiam
849 2296 978 2369 timore
1006 2297 1259 2369 Corboranni‘
1289 2322 1353 2395 per
1382 2321 1532 2369 murum

468 2408 712 2500 descendens,
741 2413 878 2510 Deique
910 2413 1106 2486 exercitum
1131 2415 1229 2486 intus
1256 2411 1442 2485 obsessum
1472 2437 1532 2485 re-

468 2524 646 2624 linquens,
678 2541 755 2600 toto
788 2552 942 2626 corpore
978 2528 1167 2613 destitutus
1210 2528 1354 2621 defecit,
1388 2529 1536 2602 timens·

469 2665 539 2740 que
584 2641 798 2715 exhaeredari
844 2644 989 2716 unicam
1035 2669 1145 2742 quam
1183 2643 1338 2719 habebat
1384 2643 1531 2735 filiam,

470 2756 609 2828 domini
634 2759 724 2854 regis
748 2758 900 2859 Philippi
924 2775 960 2831 et
984 2759 1050 2832 filii
1078 2760 1250 2834 Ludovici
1285 2760 1467 2833 voluntate
1496 2776 1534 2835 et

471 2871 699 2968 persuasione
731 2872 847 2969 (valde
877 2875 974 2946 enim
1002 2876 1217 2973 appetebant
1243 2875 1429 2972 castrum),
1458 2874 1533 2947 filio

471 2986 562 3082 regis
580 2986 756 3086 Philippo,
776 2987 822 3060 de
836 2989 1064 3089 superducta*
1077 2989 1321 3087 Andegavensi
1335 2991 1531 3081 comitissa,

470 3104 599 3200 nuptui
619 3103 779 3196 tradidit,
795 3121 843 3199 et,
860 3121 902 3178 ut
922 3107 958 3176 in
976 3131 1137 3180 amorem
1162 3133 1268 3181 suum
1295 3108 1404 3181 frater
1417 3108 1537 3203 major

471 3217 640 3291 dominus
656 3219 854 3294 Ludovicus
867 3222 1070 3296 firmissime
1083 3224 1357 3316 confoederaret,
1377 3238 1536 3296 castrum

471 3334 730 3426 Medontense⁸,
755 3360 862 3434 prece
889 3339 1010 3436 patris,
1043 3341 1273 3412 matrimonio
1294 3338 1533 3414 confirmavit.

473 3455 552 3539 Qua
565 3453 752 3526 occasione
762 3468 877 3527 castro
894 3453 1064 3528 custodire
1089 3481 1160 3529 suae
1176 3472 1335 3556 recepto,
1362 3471 1537 3554 tauquam

475 3567 506 3638 si
522 3567 628 3640 oculo
639 3593 705 3640 suo
717 3568 890 3642 festucam
907 3571 1096 3663 eruissent,
1112 3587 1175 3644 aut
1188 3573 1416 3672 circumsepti
1430 3596 1537 3672 repa·

514 3842 544 3898 l.
568 3841 710 3896 staretur
741 3839 819 3914 uta,
845 3843 922 3911 135,
952 3852 982 3900 et
1009 3839 1057 3900 ed.
1079 3841 1245 3900 Bened-
1263 3845 1407 3901 rmcettus
1432 3847 1534 3917 tots,

472 3930 599 4010 itemque
614 3931 684 3993 edit.
699 3933 804 3992 Chesn.
822 3967 859 3980 -
876 3937 1033 3992 Trussellus
1046 3933 1107 3993 alii.
1126 3936 1211 4009 Quod
1227 3955 1387 4014 cognomen
1407 3937 1535 3998 Gnidoni

473 4035 593 4103 propter
604 4023 769 4085 vexationes
782 4025 819 4084 ab
832 4044 867 4086 eo
884 4025 1026 4085 exercitas
1045 4028 1118 4085 torte
1130 4026 1307 4106 applicatum
1318 4039 1373 4088 est.

514 4121 544 4178 2.
565 4117 660 4196 Vulgo
671 4123 850 4194 Montllrery.

514 4217 543 4272 d.
566 4211 613 4270 Sic
630 4217 687 4272 tau
703 4225 732 4274 et
751 4213 817 4275 edd.
836 4214 941 4275 Chesn.
957 4234 991 4274 ac
1009 4213 1158 4278 Benedict.
1184 4249 1225 4260 —
1252 4215 1405 4276 Corboram'
1422 4219 1534 4278 tatto.

475 4304 683 4365 -corbamnt
711 4309 802 4376 5925.
830 4311 964 4368 6265.—
979 4308 1132 4370 corborum
1159 4307 1459 4372 tlt-corboranre·
1485 4311 1534 4370 od.

474 4398 573 4460 Germ.
587 4403 615 4456 Is
627 4411 670 4458 est
681 4399 849 4480 Kerbogha,
863 4401 1001 4462 Durbetae
1012 4403 1160 4483 princeps.

512 4495 543 4554 lt.
566 4493 606 4549 Ut
615 4496 714 4573 supra.
740 4529 780 4540 -
792 4499 820 4553 5.
843 4499 1022 4554 Metuneease
1035 4501 1104 4557 135.
1122 4497 1217 4579 Vulgi)
1230 4503 1361 4570 Marses,
