3742 5667
453 804 527 862 SUII
547 804 617 863 SON
637 804 955 864 ADMINIS'IIIATION
979 806 1198 867 annttrsnn.
1285 812 1342 869 l'lI

292 948 330 1009 et
342 932 391 1007 de
406 950 539 1032 quanta
558 936 698 1009 miseria
721 934 828 1010 luerit
853 936 1032 1028 suscitata,
1054 954 1194 1012 certum
1209 954 1346 1014 constat

292 1066 559 1146 argumentum,
579 1050 781 1149 quodcum
804 1052 904 1150 prius
927 1052 1075 1149 triginta
1101 1052 1221 1147 libras,
1249 1080 1346 1129 nunc

291 1166 419 1265 sapius
433 1166 514 1267 plus
529 1190 637 1265 quam
650 1164 821 1241 ducentas
839 1180 980 1241 tantum
995 1167 1189 1267 persolvat.

338 1442 452 1515 xvn.
472 1447 528 1515 De
540 1444 688 1515 Aeone
705 1442 826 1545 burgo,
843 1446 908 1543 qui
923 1470 1019 1519 nunc
1033 1462 1088 1519 est
1101 1445 1296 1524 corboilo.

339 1620 503 1692 Aaou·
536 1617 691 1717 burgum
723 1617 870 1719 quidem
893 1621 1022 1695 'Sancti
1053 1622 1212 1721 Dionysii
1240 1648 1349 1723 super

291 1731 446 1807 fluvium
470 1738 627 1807 lssonam
651 1736 796 1834 antiqua
825 1760 950 1833 regum
979 1735 1191 1811 liberalitate
1216 1740 1349 1814 sanctis

292 1850 509 1949 llartyribus
531 1850 718 1944 collatum,
743 1851 834 1925 sicut
853 1852 890 1925 in
916 1853 1070 1952 antiquis
1099 1878 1224 1928 eorum
1243 1856 1350 1929 cartis

292 1966 513 2058 continetur,
536 1966 706 2039 atrocitas
734 1966 920 2065 cujusdam
947 1969 1091 2066 tyranni
1121 1969 1158 2040 iu
1193 1986 1350 2043 castrum

293 2079 504 2154 Corbcilum
530 2080 713 2155 transtulit
735 2097 795 2154 :et
818 2081 915 2154 unde
943 2099 1085 2156 sanctos
1110 2087 1282 2183 Martyres
1313 2085 1351 2157 in

293 2208 402 2289 terra,
418 2196 503 2269 inde
520 2222 559 2269 se
573 2196 619 2269 de
634 2196 725 2269 coelo
746 2195 971 2271 exheredare
987 2196 1194 2273 elaboravit.

366 2439 495 2509 XVIII.
515 2441 569 2509 De
583 2434 675 2509 cella
693 2452 892 2511 constructa
915 2440 955 2511 in
979 2436 1054 2513 loco
1074 2444 1139 2539 qui
1151 2439 1282 2516 dicitur

748 2556 904 2653 Campis.

344 2754 456 2851 Igitur
469 2767 550 2853 post
573 2754 682 2826 multa
700 2777 878 2827 annorum
900 2753 1091 2850 curricula,
1119 2756 1192 2830 sere
1217 2753 1352 2828 ducen-

297 2884 418 2944 torum
433 2869 599 2969 autplus,
618 2892 702 2941 cum
718 2885 833 2942 mater
848 2870 996 2943 ecclesia
1010 2873 1152 2965 dronae,
1170 2894 1250 2970 quae
1264 2891 1348 2968 par·

297 2987 464 3059 rochiniis
480 3003 533 3059 est
548 2983 723 3075 Corbcili‚
739 2984 814 3058 sola
831 2986 930 3082 quasi
949 3000 1063 3058 statua
1076 2984 1205 3059 eodem
1221 2987 1259 3057 in
1269 2984 1353 3057 loco

298 3102 534 3191 remansisset,
556 3125 637 3173 eam
658 3101 765 3173 etiarn
787 3101 944 3199 episcopi
958 3102 1170 3174 Parisienses
1187 3126 1226 3173 er
1243 3127 1355 3181 aemu-

298 3216 430 3290 latione
456 3217 620 3314 ingenitae
647 3216 853 3289 monasterii
874 3215 1045 3289 libertatis
1059 3215 1166 3289 beato
1182 3218 1354 3316 Dionysio

299 3332 535 3424 abstulerunt,
560 3346 597 3406 et
611 3347 652 3405 ut
677 3332 748 3405 hoc
769 3332 888 3430 ipsum
917 3332 1057 3405 sortiter
1085 3331 1352 3428 defenderetur,

301 3448 469 3523 Cluniaco
492 3446 700 3521 etCluniaci
718 3447 903 3539 membris,
928 3445 1093 3520 videlicet
1116 3451 1246 3521 Sancto
1261 3451 1354 3524 llar-

302 3563 376 3637 tinc
397 3562 444 3637 de
460 3562 602 3662 Campis
621 3577 659 3636 et
681 3562 834 3635 ecclesiae
852 3561 898 3634 de
917 3564 1084 3635 Gomaco
1108 3562 1349 3638 contulerunt.
1480 3578 1487 3589 ”

300 3680 369 3779 Ipsi
397 3703 484 3752 vero
510 3678 651 3776 tyranni
673 3676 913 3751 Corbcilensis
933 3676 1051 3769 castri,
1069 3676 1107 3749 io
1131 3678 1263 3751 malitia
1291 3704 1354 3753 sua

303 3793 489 3891 congelati,
506 3809 580 3867 tarn
594 3792 841 3867 miserabiliter
855 3794 978 3866 omnia
993 3791 1062 3866 sibi
1074 3790 1350 3891 subjugaverunt

303 3923 341 3983 ut
352 3912 412 3981 vix
427 3910 620 4008 quicquam
633 3908 761 4007 reliqui
776 3923 902 4007 praeter
915 3931 1069 3979 vacuum
1080 3922 1183 3980 terre
1199 3909 1355 3981 fundum

304 4024 516 4116 dimiserint,
525 4040 561 4098 et
576 4026 614 4097 in
623 4024 790 4123 proprios
804 4046 900 4113 usus,
916 4038 1087 4120 tanquam
1098 4025 1233 4123 proprii
1240 4040 1357 4099 essent

301 4138 403 4236 juris,
416 4166 505 4215 ausu
518 4138 687 4236 sacrilego
701 4138 913 4236 redegerint.
931 4141 1121 4238 Supererat
1141 4154 1176 4213 et
1191 4141 1355 4237 quaedam

305 4254 438 4355 capella
462 4256 500 4329 in
527 4254 679 4346 honore,
710 4268 752 4327 ut
777 4252 971 4345 ferebatur,
1000 4251 1113 4326 haam
1133 4254 1263 4348 Mariae,
1285 4238 1356 4352 qua

348 4518 375 4578 l.
397 4510 489 4593 anyb
502 4514 651 4572 Bassum.

1095 4651 1098 4658 ·
1204 4616 1240 4673 12
1321 4662 1325 4668 .
