3742 5667
619 836 681 894 vlu
702 838 754 893 DE
773 838 885 896 Lotus
904 840 953 897 LE
974 840 1084 901 GROS.
1347 843 1384 899 87

326 970 384 1043 cui
403 968 575 1043 citissime
597 967 768 1061 insiliens,
787 970 954 1044 vexillum
975 971 1177 1071 praeferens,
1197 996 1282 1046 cum
1298 998 1387 1071 pau-

325 1089 375 1159 cis
392 1087 433 1158 iu
452 1087 576 1160 hostes
594 1087 808 1182 regreditur,
831 1088 952 1185 plures
980 1112 1130 1161 suorum
1157 1103 1281 1187 captos
1296 1092 1387 1163 mira

325 1203 535 1276 strenuitate
549 1203 668 1301 eripit,
692 1202 869 1300 quosdam
892 1204 1052 1277 hostium
1078 1204 1296 1277 validissimo
1320 1206 1387 1278 im-

325 1334 409 1419 petu
425 1319 621 1419 intercipit,
641 1333 678 1391 et
691 1344 737 1391 ne
755 1320 903 1393 ulterius
919 1319 1047 1394 laedant
1065 1321 1275 1413 exercitum,
1295 1346 1337 1393 ae
1360 1323 1389 1394 si

324 1435 442 1508 Gades
453 1434 618 1508 Herculis
634 1434 834 1529 olleudant,
852 1452 913 1509 aut
928 1460 1061 1532 magno
1085 1439 1229 1509 Oceano
1243 1462 1389 1511 arcean-

327 1567 396 1644 tur,
411 1552 558 1648 refugos
574 1551 725 1651 repellit,
736 1554 882 1650 quibus,
900 1554 1113 1652 priusquam
1129 1551 1319 1627 Puteolum
1331 1579 1389 1629 re·

326 1666 548 1765 grediautur,
565 1667 843 1766 quingentorum
853 1669 1012 1742 militum
1021 1672 1312 1742 Normanuorum
1327 1686 1390 1745 aut

325 1783 479 1883 amplior
493 1783 654 1855 occurrit
670 1784 842 1856 exercitus
855 1812 863 1856 :
877 1784 941 1881 qui
957 1784 986 1855 si
1001 1784 1178 1856 maturius
1194 1786 1385 1877 venissent,

326 1900 483 1973 exercitu
501 1915 705 1993 corruente,
732 1901 848 2000 majus
870 1902 1045 1975 damnum
1069 1900 1203 1974 inferre
1231 1902 1390 1977 fortassis

326 2016 538 2117 potuissent.
583 2019 747 2116 Cumque
789 2019 880 2114 regis
918 2019 1114 2109 exercitus,
1164 2020 1390 2118 circumqua-

326 2156 394 2231 que
407 2132 606 2232 dispersus,
627 2132 686 2205 alii
701 2133 944 2226 Aurelianum,
966 2134 1025 2206 alii
1048 2137 1222 2233 stampas,
1250 2136 1310 2208 alii
1336 2136 1390 2208 Pi-

329 2248 439 2321 serim
454 2252 466 2289 ¹
487 2248 738 2342 tetendissent,
767 2274 830 2321 rex
852 2249 1064 2323 Taurianum
1078 2252 1089 2289 ¹
1102 2249 1267 2347 fatigatus
1281 2250 1389 2325 deve·

327 2388 442 2457 niens,

485 2571 590 2632 Pulsus
603 2570 655 2632 ιιι·
669 2572 808 2633 armentis
820 2570 916 2653 primo
926 2572 1084 2635 certamine
1097 2588 1208 2653 taurus,

490 2709 698 2734 .......
720 2670 853 2752 explorat
861 2690 970 2730 cornua
983 2672 1092 2733 truncis
1097 2669 1119 2751 ⁸,

329 2873 362 2930 et
385 2854 584 2928 fortissimo
615 2870 762 2954 pectore
790 2855 905 2928 robur
929 2856 1155 2954 recolligens,
1186 2857 1223 2928 in
1248 2854 1391 2931 hostem

327 2996 393 3071 per
432 2972 569 3043 ferrum
606 2972 729 3067 magni
764 2995 910 3043 securus
945 2972 1101 3044 vulneris
1137 2971 1258 3054 exit'3
1291 2970 1390 3043 haud

328 3112 428 3160 secus
451 3112 532 3178 rex,
552 3087 746 3159 exereitum
768 3111 959 3176 rovocans,
982 3088 1182 3159 strenuitati
1201 3086 1388 3180 reformat,

326 3202 515 3275 audaciam
548 3217 715 3302 reparat3
745 3202 921 3275 exercitus
952 3202 1093 3273 ruinam
1127 3201 1296 3290 stultitiae,
1315 3225 1390 3273 non

327 3318 578 3417 imprudentiae
611 3332 779 3417 reputat,
815 3316 1071 3389 inevitabiliter
1108 3318 1163 3389 his
1198 3315 1391 3415 aliquando

328 3436 493 3507 militiam
522 3431 705 3530 subjacere
735 3447 924 3531 reportat;
959 3447 1059 3506 tauto
1088 3432 1240 3505 ferocius
1266 3448 1301 3505 et
1325 3458 1389 3504 au·

330 3550 466 3639 dacius,
490 3552 520 3622 si
551 3548 800 3649 opportunitas
826 3546 1026 3642 condonet,
1050 3548 1232 3639 dimicare,
1257 3548 1390 3620 illatam

329 3667 497 3763 iujuriam
527 3667 669 3763 punire,
699 3678 774 3735 tam
804 3661 989 3735 blanditiis
1021 3687 1131 3761 quam
1159 3664 1266 3735 minis
1298 3664 1391 3735 exci-

330 3798 404 3855 tare
437 3780 591 3854 laborat.
623 3783 669 3850 Et
697 3776 788 3849 dum
805 3792 881 3849 tam
908 3779 1032 3850 Franci
1058 3803 1169 3877 quam
1196 3778 1391 3853 Normanni

330 3897 436 3971 castri
456 3894 676 3969 restitutioni
701 3894 869 3966 insistunt
888 3892 901 3990 (
911 3893 1035 3966 aderat
1056 3895 1153 3967 euim
1174 3920 1258 3967 cum
1276 3894 1393 3967 Theo·

370 4093 400 4147 l.
416 4090 501 4147 Nunc
513 4087 679 4147 Pr'tlu‘vr'ers.
692 4118 735 4133 -
749 4089 778 4145 2.
798 4089 950 4155 Tauricam
965 4090 1033 4146 135.

371 4186 402 4245 3.
416 4187 457 4245 Ut
472 4181 588 4241 codices
603 4198 703 4239 omnes
724 4191 753 4239 et
774 4178 844 4238 edit.
864 4182 963 4239 Germ.
984 4214 1023 4227 -
1045 4185 1130 4239 Velut
1149 4180 1216 4241 edd.
1233 4180 1338 4242 Chean.
1362 4190 1393 4239 et

333 4274 493 4350 Benedict,
506 4272 555 4334 hic
569 4294 670 4333 versus
684 4285 830 4332 mutuatos
843 4292 903 4331 non
914 4272 1134 4355 distinguentes.

372 4378 401 4431 a.
422 4370 532 4429 numni
547 4370 662 4443 ram,
678 4370 719 4439 11,
734 4367 882 4426 eoa-eoa.

374 4469 404 4523 s.
424 4462 479 4522 Illa
498 4463 586 4522 etiarn
602 4460 692 4521 verba
703 4464 722 4520 l
735 4465 853 4520 Lucano
864 4458 964 4534 (ibid,
977 4466 1004 4541 l,
1024 4462 1095 4543 212)
1108 4474 1253 4523 mutuatus
1273 4476 1315 4524 est
1334 4466 1393 4525 Su·

337 4554 441 4635 getius,
456 4575 527 4617 voce
541 4568 640 4617 tamen
655 4560 729 4615 tanti
740 4556 773 4616 in
784 4560 880 4633 magni
893 4560 1044 4616 converse.
