3742 5667
593 820 654 875 vre
675 820 726 877 DF.
747 818 857 877 totns
877 819 926 875 te
947 818 1054 876 GROS.
1295 822 1353 880 tte

290 976 424 1023 uorum
441 950 653 1050 frequentia,
671 964 707 1020 et
722 948 957 1021 celeberrimo
973 945 1177 1045 devotoque
1188 950 1352 1047 exequia-

290 1092 370 1141 rum
385 1066 524 1154 officio,
542 1091 644 1139 more
667 1066 767 1163 regio
790 1065 987 1164 depositus,
1010 1067 1280 1140 resurrectionis
1296 1069 1351 1140 su-

291 1184 614 1256 turaeeonsortium
627 1196 801 1281 expectat,
822 1195 923 1254 tanto
943 1196 1146 1255 sanctorum
1163 1183 1354 1279 spirituum

293 1296 444 1394 collegio
466 1298 595 1396 spiritu
619 1297 869 1396 propinquior,
893 1310 1031 1395 quanto
1047 1320 1201 1394 corpore
1225 1298 1355 1371 sanctis

291 1412 504 1511 Martyribus
534 1410 581 1485 ad
611 1410 878 1509 suffragandum
916 1412 1078 1512 proxime
1112 1411 1271 1511 sepultus
1304 1438 1356 1485 as·

294 1530 396 1603 sistit.

452 1681 533 1745 Felix
545 1682 598 1763 qui
614 1681 720 1764 potuit,
734 1682 835 1743 mundi
849 1694 970 1744 nutante
981 1681 1076 1758 ruint,

451 1783 516 1857 Quo
526 1780 620 1855 jaoeet
631 1775 780 1860 praeisse
793 1777 859 1838 loeo
868 1778 894 1841 ¹.

345 1956 458 2055 Cujus
475 1956 744 2031 devotissimam
779 1956 909 2029 sanetis
937 1956 1154 2053 Martyribus
1178 1957 1354 2053 animam,

295 2072 378 2172 ipsis
394 2070 708 2161 intercedentibus,
730 2072 807 2170 ipse
822 2070 1038 2171 Redemptor
1052 2073 1251 2162 resuscitet,
1266 2087 1303 2144 et
1320 2073 1356 2145 in

296 2204 395 2290 parte
418 2204 626 2262 sanctorum
652 2187 832 2261 collocare
852 2186 1032 2283 dignetur,
1057 2188 1118 2285 qui
1139 2188 1259 2285 posuit
1279 2189 1357 2260 ani-

298 2330 393 2377 mam
407 2330 509 2377 suam
526 2329 595 2404 pro
610 2306 722 2377 salute
741 2302 870 2375 mundi
887 2307 987 2376 Jesus
1002 2302 1161 2375 Christus
1181 2304 1356 2377 Dominus

300 2436 431 2511 noster,
456 2422 521 2519 qui
546 2422 637 2492 vivit
656 2436 694 2493 et
716 2435 839 2517 regnat
867 2424 942 2491 Rex
965 2444 1092 2517 regum
1115 2435 1151 2491 et
1180 2421 1357 2492 Dominus

302 2536 578 2629 dominantium,
598 2560 663 2635 per
675 2536 796 2608 omnia
815 2535 943 2608 saecula
966 2535 1191 2609 seculorum.
1207 2537 1318 2607 Amen
1330 2540 1351 2607 ¹.

340 2762 370 2819 t.
382 2757 420 2819 ni
430 2778 544 2839 versus,
556 2760 573 2817 i
587 2761 704 2819 Lucano
714 2758 847 2839 mutuati,
864 2757 905 2818 sie
915 2756 1052 2839 legnmtur
1061 2756 1093 2817 in
1105 2758 1223 2835 etms,
1237 2754 1288 2815 lib.
1300 2755 1353 2831 tt,

304 2870 333 2917 r.
347 2854 402 2913 393
418 2874 427 2913 t

454 2959 537 3020 Felix
548 2958 598 3039 qui
608 2957 713 3039 potuit,
726 2958 829 3020 mundi
840 2968 960 3019 nutante
974 2954 1070 3031 ruint,

458 3058 525 3131 Quo
535 3052 632 3134 jaceat
638 3062 704 3129 jam
719 3058 794 3112 scire
808 3053 885 3116 loeo.

350 3199 379 3258 Ι.
404 3202 574 3274 Εερῐίσὶιωε
597 3209 677 3276 gesta
706 3200 840 3257 Ludovr'ct
864 3201 941 3277 regis
964 3198 1154 3271 Francorum,
1175 3202 1358 3274 cognomento

310 3294 401 3355 Groui
413 3290 492 3351 sotus
503 3291 647 3353 mentior
657 3290 723 3352 eod.
740 3294 831 3354 6265.
