3742 5667
481 827 519 882 55
699 815 858 878 mutans
879 789 1107 882 effluamus
1127 825 1177 880 nn
1197 823 1334 882 soona.

483 954 658 1048 augtiva¹,
677 951 866 1050 impatiens
881 950 1120 1024 venationum
1135 967 1171 1025 et
1190 952 1415 1027 ludicrorum
1428 958 1548 1054 pueri·

483 1067 585 1158 lium,
604 1066 734 1165 quibus
749 1081 831 1138 aetas
843 1061 1053 1163 hujusmodi
1068 1067 1228 1141 lascivire
1247 1083 1283 1141 et
1304 1093 1404 1141 arma
1426 1069 1547 1143 dedis-

484 1209 564 1257 cere
579 1185 791 1258 consuescit.
811 1187 979 1280 Dumque
991 1184 1191 1257 multorum
1209 1185 1311 1281 regni
1333 1187 1548 1285 optimatum

484 1315 521 1373 et
537 1301 673 1396 egregie
686 1300 903 1396 magnanimi
915 1299 1006 1396 regis
1022 1299 1221 1396 anglorum
1236 1299 1449 1395 Guillelmi⁸,
1468 1329 1548 1376 ma·

485 1416 717 1512 gnanimioris
730 1413 911 1488 Guillelmi
925 1415 1019 1512 regis
1035 1413 1111 1508 lilii,
1125 1417 1322 1513 Aoglorum
1339 1416 1545 1514 domitoris,

483 1533 707 1606 infestatione
722 1532 889 1629 agitatur,
908 1533 1023 1604 robur
1041 1531 1230 1632 probitatis
1256 1550 1418 1633 vaporat,
1445 1560 1547 1609 exer·

484 1649 569 1722 citio
595 1649 722 1722 virtus⁸
752 1646 900 1739 arridet,
938 1648 1106 1722 inertiam
1137 1663 1317 1740 removet,
1349 1650 1550 1748 prudentiae

483 1764 649 1836 oculum·
660 1764 788 1861 aperit,
816 1763 934 1835 otium
955 1762 1130 1854 dissolvit,
1149 1763 1431 1838 sollicitudinem
1448 1791 1549 1839 acee-

483 1880 584 1954 lerat.
610 1877 843 1951 Guillelmus⁸
859 1877 1039 1976 siquidem
1060 1903 1123 1952 rex
1148 1880 1345 1976 Anglorum
1368 1884 1449 1954 usui
1477 1884 1549 1956 mi-

483 1998 566 2071 litiae
578 2010 695 2094 aptus,
708 1991 824 2067 laudis
835 2019 976 2086 avarus,
985 1995 1159 2092 famaeque
1169 1996 1313 2094 petitor,
1323 2022 1420 2090 cum,
1435 1997 1549 2072 551555-

483 2111 609 2185 redato
617 2111 752 2208 majore
760 2124 845 2182 natu
856 2111 1027 2183 Roberto‘
1035 2111 1143 2183 fratre
1154 2135 1235 2202 suo,
1247 2112 1338 2209 patri
1348 2112 1547 2186 Guillelmo

484 2227 634 2300 feliciter
647 2225 883 2318 successisset,
896 2241 933 2298 et
952 2241 1035 2326 post
1050 2226 1211 2324 ejusdem
1223 2227 1344 2300 fratris
1356 2229 1413 2300 sui
1424 2231 1549 2304 Hiero·

483 2343 660 2440 solymam
686 2341 949 2441 profectionem
979 2341 1153 2416 ducatum
1186 2344 1412 2416 Normanniae
1449 2345 1548 2418 obti-

483 2463 631 2551 nuisset,
650 2461 741 2533 sicut
755 2459 918 2558 ejusdem
935 2461 1164 2534 Normanniae
1179 2459 1331 2535 ducatus
1344 2488 1382 2535 se
1396 2465 1549 2562 porrigit

484 2579 675 2652 5555515115τ
706 2579 806 2676 regni
833 2577 1061 2671 collimitans,
1092 2578 1380 2678 quibuscumque
1406 2595 1550 2679 poterat

483 2695 601 2768 modis
629 2695 807 2767 famosum
827 2695 1013 2792 juvenem⁸
1034 2693 1216 2768 nitebatur
1239 2697 1461 2795 impugnare.
1496 2698 1551 2770 si-

484 2810 616 2884 militer
630 2825 666 2883 et
681 2809 899 2882 dissimiliter
914 2810 1007 2882 inter
1031 2834 1094 2883 eos
1121 2811 1324 2884 certabatur
1339 2837 1348 2882 :
1368 2811 1544 2902 similiter,

524 3062 556 3121 1.
576 3062 676 3116 Activa
703 3060 793 3124 6265.
811 3090 852 3104 -
870 3061 979 3118 Nativa
999 3061 1099 3136 59253
1119 3079 1207 3139 quam
1233 3058 1388 3120 lectionem
1406 3060 1457 3120 dat
1483 3059 1548 3142 ipse

484 3149 626 3212 chesnius
638 3150 668 3208 in
679 3154 774 3212 textus
788 3151 833 3210 sui
847 3151 990 3230 margine.

524 3247 555 3302 a.
575 3247 707 3307 Wizezmr
726 3247 815 3305 5555.
829 3277 869 3292 -
885 3249 1025 3305 calami·
1044 3247 1123 3306 5555
1146 3259 1176 3306 et
1199 3231 1381 3308 iiiluna
1398 3261 1442 3308 est
1459 3247 1549 3308 ouil-

483 3337 586 3397 lelmns
597 3339 636 3408 ll,
651 3337 754 3397 Rufus.

525 3434 555 3491 3.
579 3435 684 3489 Virtuti
714 3433 773 3492 tas
787 3443 874 3511 atque
888 3433 957 3494 edd.
970 3432 1141 3494 Germanica
1154 3446 1183 3494 et
1197 3435 1367 3496 Chesniana.

523 3527 555 3585 4.
579 3527 696 3582 Oculum
710 3523 791 3584 deest
802 3523 832 3584 in
846 3526 932 3587 codd.
949 3530 1019 3600 513,
1034 3530 1105 3599 135,
1121 3531 1231 3602 12710,
1242 3542 1330 3609 atque
1341 3530 1372 3590 in
1385 3531 1432 3590 ed.
1445 3532 1547 3595 Germ.

525 3623 554 3680 a.
576 3619 632 3676 ch
653 3617 779 3697 primum
803 3617 906 3700 incipit
926 3623 1118 3700 fragmentum
1142 3620 1216 3682 vita
1235 3623 1377 3684 Ludovici
1396 3625 1496 3686 Grossi
1515 3626 1548 3686 iu

483 3711 549 3772 cod.
566 3713 624 3770 133
639 3723 817 3785 contentum,
831 3713 911 3792 quod
927 3713 945 3772 5
959 3712 1072 3793 Sugerii
1084 3713 1194 3795 scripto
1211 3729 1358 3777 mutuatus
1372 3730 1417 3778 est
1430 3718 1547 3780 Willel-

483 3823 548 3863 mus
559 3803 834 3880 Malmesburiensis,
849 3806 1011 3888 Anglorum
1021 3807 1272 3889 chronographus.

525 3901 556 3959 6.
576 3895 720 3958 Robertus
733 3903 774 3972 ll,
788 3899 848 3960 dux
863 3898 1062 3972 Normanniae,
1076 3899 1171 3960 dictus
1186 3905 1411 3964 Contu-Hense.

525 3995 555 4053 t.
577 3993 706 4071 Margus
729 3994 804 4066 543,
821 3997 880 4052 135
898 4005 928 4053 51
947 3997 1112 4054 11715-
1124 3999 1251 4075 Motgiis
1271 4003 1355 4074 regni
1373 4000 1544 4074 autoritatis,

484 4084 531 4143 ed.
545 4085 690 4147 Germ.-
700 4089 813 4146 Desunt
825 4086 856 4145 in
869 4088 937 4146 cod.
954 4089 1012 4146 133
1026 4089 1161 4146 marcius
1171 4091 1254 4167 regni
1265 4093 1444 4151 collimitans.

526 4180 555 4238 8.
574 4182 633 4238 Pru
658 4179 775 4239 vocibus
799 4183 940 4258 famosum
960 4189 1108 4256 juvenem,
1132 4183 1199 4243 cod.
1225 4187 1282 4245 133
1308 4183 1420 4244 habet:
1441 4187 1546 4262 Regem

485 4277 657 4332 Francorum
674 4276 856 4346 Ludovicum,
877 4275 969 4352 filium
988 4275 1377 4353 Pliili'ppi.-Ludovicu1n
1392 4297 1463 4337 vero
1486 4297 1546 4340 non

486 4379 616 4444 tempore
636 4365 783 4427 Guillelmi
801 4370 880 4448 anfi,
900 4370 951 4430 sed
973 4371 1114 4430 duntaxat
1132 4384 1236 4431 octavo
1258 4391 1334 4431 anno
1356 4371 1438 4450 regni
1462 4375 1545 4432 Hen-

485 4459 539 4518 rici
559 4464 584 4538 l,
602 4462 761 4543 anglorum
776 4463 864 4547 regis,
880 4465 954 4528 solio
973 4464 1160 4527 sublimatum
1180 4486 1243 4528 esse
1255 4466 1325 4528 satis
1341 4465 1475 4527 omnibus
1495 4465 1544 4525 in-

485 4563 588 4614 notuit.
