<?xml version="1.0" encoding="UTF-8"?>
<!DOCTYPE html PUBLIC "-//W3C//DTD XHTML 1.0 Transitional//EN"
    "http://www.w3.org/TR/xhtml1/DTD/xhtml1-transitional.dtd">
<html xmlns="http://www.w3.org/1999/xhtml" xml:lang="en" lang="en">
 <head>
  <title>
</title>
<meta http-equiv="Content-Type" content="text/html;charset=utf-8" />
  <meta name='ocr-system' content='tesseract 3.04.00' />
  <meta name='ocr-capabilities' content='ocr_page ocr_carea ocr_par ocr_line ocrx_word'/>
</head>
<body>
  <div class='ocr_page' id='page_1' title='image "./oeuvrescompltes00sugegoog_0374.png"; bbox 0 0 3742 5667; ppageno 0'>
   <div class='ocr_carea' id='block_1_1' title="bbox 492 708 1331 788">
    <p class='ocr_par' dir='ltr' id='par_1_1' title="bbox 492 708 1331 788">
     <span class='ocr_line' id='line_1_1' title="bbox 492 708 1331 788; baseline 0.001 -2"><span class='ocrx_word' id='word_1_1' title='bbox 492 729 549 786; x_wconf 75' lang='lat' dir='ltr'>aaa</span> <span class='ocrx_word' id='word_1_2' title='bbox 633 724 637 729; x_wconf 84' lang='grc'><em>·</em></span> <span class='ocrx_word' id='word_1_3' title='bbox 711 729 879 788; x_wconf 83' lang='lat' dir='ltr'>onuvans</span> <span class='ocrx_word' id='word_1_4' title='bbox 898 708 1109 788; x_wconf 76' lang='lat' dir='ltr'>conrnmrs</span> <span class='ocrx_word' id='word_1_5' title='bbox 1129 727 1179 784; x_wconf 79' lang='lat' dir='ltr'>nn</span> <span class='ocrx_word' id='word_1_6' title='bbox 1200 725 1331 788; x_wconf 83' lang='lat' dir='ltr'>soora.</span> 
     </span>
    </p>
   </div>
   <div class='ocr_carea' id='block_1_2' title="bbox 514 1100 1531 1167">
    <p class='ocr_par' dir='ltr' id='par_1_2' title="bbox 514 1100 1531 1167">
     <span class='ocr_line' id='line_1_2' title="bbox 514 1100 1531 1167; baseline -0.004 -13"><span class='ocrx_word' id='word_1_7' title='bbox 514 1105 589 1156; x_wconf 74' lang='lat' dir='ltr'>vin.</span> <span class='ocrx_word' id='word_1_8' title='bbox 615 1106 661 1154; x_wconf 68' lang='lat' dir='ltr'>DE</span> <span class='ocrx_word' id='word_1_9' title='bbox 676 1104 874 1167; x_wconf 67' lang='lat' dir='ltr'>Quintianis</span> <span class='ocrx_word' id='word_1_10' title='bbox 889 1103 969 1166; x_wconf 70' lang='lat' dir='ltr'>Qun</span> <span class='ocrx_word' id='word_1_11' title='bbox 983 1102 1148 1152; x_wconf 70' lang='lat' dir='ltr'>mmm</span> <span class='ocrx_word' id='word_1_12' title='bbox 1168 1103 1215 1150; x_wconf 77' lang='lat' dir='ltr'>AD</span> <span class='ocrx_word' id='word_1_13' title='bbox 1236 1100 1531 1152; x_wconf 62' lang='lat' dir='ltr'>THESAURUM!-</span> 
     </span>
    </p>
   </div>
   <div class='ocr_carea' id='block_1_3' title="bbox 486 1361 1562 1633">
    <p class='ocr_par' dir='ltr' id='par_1_3' title="bbox 486 1361 1562 1633">
     <span class='ocr_line' id='line_1_3' title="bbox 486 1361 1562 1447; baseline -0.01 -18"><span class='ocrx_word' id='word_1_14' title='bbox 486 1373 579 1447; x_wconf 82' lang='lat' dir='ltr'>Suger</span> <span class='ocrx_word' id='word_1_15' title='bbox 594 1370 686 1424; x_wconf 82' lang='lat' dir='ltr'>donae</span> <span class='ocrx_word' id='word_1_16' title='bbox 700 1387 738 1425; x_wconf 89' lang='lat' dir='ltr'>au</span> <span class='ocrx_word' id='word_1_17' title='bbox 752 1369 840 1425; x_wconf 63' lang='lat' dir='ltr'>tresor</span> <span class='ocrx_word' id='word_1_18' title='bbox 858 1367 895 1422; x_wconf 84' lang='lat' dir='ltr'>de</span> <span class='ocrx_word' id='word_1_19' title='bbox 909 1367 1112 1437; x_wconf 73' lang='lat' dir='ltr'>Scine-Derris,</span> <span class='ocrx_word' id='word_1_20' title='bbox 1129 1361 1378 1441; x_wconf 63' lang='lat' dir='ltr'>pentameter</span> <span class='ocrx_word' id='word_1_21' title='bbox 1392 1364 1442 1420; x_wconf 79' lang='lat' dir='ltr'>des</span> <span class='ocrx_word' id='word_1_22' title='bbox 1462 1379 1562 1420; x_wconf 72' lang='lat' dir='ltr'>me·</span> 
     </span>
     <span class='ocr_line' id='line_1_4' title="bbox 527 1457 1562 1538; baseline -0.007 -19"><span class='ocrx_word' id='word_1_23' title='bbox 527 1473 618 1519; x_wconf 79' lang='lat' dir='ltr'>ments</span> <span class='ocrx_word' id='word_1_24' title='bbox 633 1461 671 1517; x_wconf 82' lang='lat' dir='ltr'>de</span> <span class='ocrx_word' id='word_1_25' title='bbox 690 1458 816 1538; x_wconf 66' lang='lat' dir='ltr'>idglise,</span> <span class='ocrx_word' id='word_1_26' title='bbox 830 1461 977 1535; x_wconf 77' lang='lat' dir='ltr'>plusieurs</span> <span class='ocrx_word' id='word_1_27' title='bbox 995 1478 1075 1516; x_wconf 75' lang='lat' dir='ltr'>crues</span> <span class='ocrx_word' id='word_1_28' title='bbox 1093 1459 1257 1534; x_wconf 64' lang='lat' dir='ltr'>dependant</span> <span class='ocrx_word' id='word_1_29' title='bbox 1275 1459 1311 1514; x_wconf 78' lang='lat' dir='ltr'>de</span> <span class='ocrx_word' id='word_1_30' title='bbox 1330 1461 1361 1514; x_wconf 85' lang='lat' dir='ltr'>la</span> <span class='ocrx_word' id='word_1_31' title='bbox 1376 1457 1495 1533; x_wconf 63' lang='lat' dir='ltr'>pre&#39;svitd</span> <span class='ocrx_word' id='word_1_32' title='bbox 1516 1457 1562 1512; x_wconf 79' lang='lat' dir='ltr'>de</span> 
     </span>
     <span class='ocr_line' id='line_1_5' title="bbox 529 1552 1558 1633; baseline -0.007 -17"><span class='ocrx_word' id='word_1_33' title='bbox 529 1559 678 1627; x_wconf 81' lang='lat' dir='ltr'>Berneval,</span> <span class='ocrx_word' id='word_1_34' title='bbox 688 1569 716 1614; x_wconf 82' lang='lat' dir='ltr'>et</span> <span class='ocrx_word' id='word_1_35' title='bbox 729 1559 756 1612; x_wconf 81' lang='lat' dir='ltr'>le</span> <span class='ocrx_word' id='word_1_36' title='bbox 769 1557 872 1633; x_wconf 68' lang='lat' dir='ltr'>vinage</span> <span class='ocrx_word' id='word_1_37' title='bbox 882 1556 919 1613; x_wconf 82' lang='lat' dir='ltr'>de</span> <span class='ocrx_word' id='word_1_38' title='bbox 929 1559 975 1613; x_wconf 85' lang='lat' dir='ltr'>La</span> <span class='ocrx_word' id='word_1_39' title='bbox 989 1552 1134 1626; x_wconf 57' lang='lat' dir='ltr'>Cantha,</span> <span class='ocrx_word' id='word_1_40' title='bbox 1145 1557 1312 1612; x_wconf 70' lang='lat' dir='ltr'>recemment</span> <span class='ocrx_word' id='word_1_41' title='bbox 1325 1553 1413 1628; x_wconf 64' lang='lat' dir='ltr'>[unde</span> <span class='ocrx_word' id='word_1_42' title='bbox 1421 1571 1481 1630; x_wconf 74' lang='lat' dir='ltr'>par</span> <span class='ocrx_word' id='word_1_43' title='bbox 1492 1553 1558 1609; x_wconf 72' lang='lat' dir='ltr'>lui.</span> 
     </span>
    </p>
   </div>
   <div class='ocr_carea' id='block_1_4' title="bbox 956 1727 1061 1808">
    <p class='ocr_par' dir='ltr' id='par_1_4' title="bbox 956 1727 1061 1808">
     <span class='ocr_line' id='line_1_6' title="bbox 956 1727 1061 1808; baseline -0.029 -19"><span class='ocrx_word' id='word_1_44' title='bbox 956 1727 1061 1808; x_wconf 80' lang='lat' dir='ltr'>(nan</span> 
     </span>
    </p>
   </div>
   <div class='ocr_carea' id='block_1_5' title="bbox 394 1933 1557 4224">
    <p class='ocr_par' dir='ltr' id='par_1_5' title="bbox 394 1933 1557 4224">
     <span class='ocr_line' id='line_1_7' title="bbox 538 1933 1557 2025; baseline -0.004 -15"><span class='ocrx_word' id='word_1_45' title='bbox 538 1943 578 2010; x_wconf 85' lang='lat' dir='ltr'>ln</span> <span class='ocrx_word' id='word_1_46' title='bbox 595 1936 743 2009; x_wconf 90' lang='lat' dir='ltr'>nomine</span> <span class='ocrx_word' id='word_1_47' title='bbox 765 1949 893 2007; x_wconf 87' lang='lat' dir='ltr'>sanctae</span> <span class='ocrx_word' id='word_1_48' title='bbox 913 1947 951 2006; x_wconf 87' lang='lat' dir='ltr'>et</span> <span class='ocrx_word' id='word_1_49' title='bbox 966 1933 1158 2008; x_wconf 86' lang='lat' dir='ltr'>individuae</span> <span class='ocrx_word' id='word_1_50' title='bbox 1171 1935 1362 2025; x_wconf 83' lang='lat' dir='ltr'>Trinitatis,</span> <span class='ocrx_word' id='word_1_51' title='bbox 1380 1937 1496 2008; x_wconf 88' lang='lat' dir='ltr'>Patris</span> <span class='ocrx_word' id='word_1_52' title='bbox 1514 1951 1557 2007; x_wconf 89' lang='lat' dir='ltr'>et</span> 
     </span>
     <span class='ocr_line' id='line_1_8' title="bbox 490 2050 1553 2151; baseline -0.002 -26"><span class='ocrx_word' id='word_1_53' title='bbox 490 2051 565 2125; x_wconf 75' lang='lat' dir='ltr'>niti</span> <span class='ocrx_word' id='word_1_54' title='bbox 585 2067 622 2125; x_wconf 93' lang='lat' dir='ltr'>et</span> <span class='ocrx_word' id='word_1_55' title='bbox 640 2051 790 2151; x_wconf 85' lang='lat' dir='ltr'>Spiritus</span> <span class='ocrx_word' id='word_1_56' title='bbox 809 2051 933 2122; x_wconf 90' lang='lat' dir='ltr'>sancti.</span> <span class='ocrx_word' id='word_1_57' title='bbox 955 2054 1081 2121; x_wconf 79' lang='lat' dir='ltr'>Amen.</span> <span class='ocrx_word' id='word_1_58' title='bbox 1097 2051 1275 2146; x_wconf 79' lang='lat' dir='ltr'>Sugarius,</span> <span class='ocrx_word' id='word_1_59' title='bbox 1295 2050 1416 2122; x_wconf 87' lang='lat' dir='ltr'>divina</span> <span class='ocrx_word' id='word_1_60' title='bbox 1432 2051 1553 2146; x_wconf 82' lang='lat' dir='ltr'>gratia</span> 
     </span>
     <span class='ocr_line' id='line_1_9' title="bbox 486 2165 1554 2263; baseline -0.003 -22"><span class='ocrx_word' id='word_1_61' title='bbox 486 2166 814 2241; x_wconf 88' lang='lat' dir='ltr'>beatorumChristi</span> <span class='ocrx_word' id='word_1_62' title='bbox 829 2179 1028 2263; x_wconf 87' lang='lat' dir='ltr'>martyrum</span> <span class='ocrx_word' id='word_1_63' title='bbox 1049 2165 1222 2263; x_wconf 85' lang='lat' dir='ltr'>Dionysii,</span> <span class='ocrx_word' id='word_1_64' title='bbox 1240 2165 1372 2238; x_wconf 81' lang='lat' dir='ltr'>Rustici</span> <span class='ocrx_word' id='word_1_65' title='bbox 1389 2181 1425 2238; x_wconf 88' lang='lat' dir='ltr'>et</span> <span class='ocrx_word' id='word_1_66' title='bbox 1442 2165 1554 2238; x_wconf 81' lang='lat' dir='ltr'>Eleu-</span> 
     </span>
     <span class='ocr_line' id='line_1_10' title="bbox 394 2278 1554 2383; baseline -0.002 -27"><span class='ocrx_word' id='word_1_67' title='bbox 394 2373 399 2383; x_wconf 34' lang='grc' dir='ltr'>Ι</span> <span class='ocrx_word' id='word_1_68' title='bbox 488 2282 595 2356; x_wconf 86' lang='lat' dir='ltr'>therii</span> <span class='ocrx_word' id='word_1_69' title='bbox 617 2281 772 2355; x_wconf 84' lang='lat' dir='ltr'>ecclesiae</span> <span class='ocrx_word' id='word_1_70' title='bbox 805 2278 929 2355; x_wconf 85' lang='lat' dir='ltr'>abbas,</span> <span class='ocrx_word' id='word_1_71' title='bbox 960 2281 1140 2369; x_wconf 88' lang='lat' dir='ltr'>Quoniam</span> <span class='ocrx_word' id='word_1_72' title='bbox 1164 2295 1403 2354; x_wconf 83' lang='lat' dir='ltr'>antecessores</span> <span class='ocrx_word' id='word_1_73' title='bbox 1432 2281 1554 2354; x_wconf 88' lang='lat' dir='ltr'>nostri</span> 
     </span>
     <span class='ocr_line' id='line_1_11' title="bbox 485 2395 1549 2495; baseline -0.003 -24"><span class='ocrx_word' id='word_1_74' title='bbox 485 2413 547 2471; x_wconf 87' lang='lat' dir='ltr'>aut</span> <span class='ocrx_word' id='word_1_75' title='bbox 556 2397 699 2469; x_wconf 89' lang='lat' dir='ltr'>nulium</span> <span class='ocrx_word' id='word_1_76' title='bbox 713 2412 776 2469; x_wconf 87' lang='lat' dir='ltr'>aut</span> <span class='ocrx_word' id='word_1_77' title='bbox 783 2421 935 2495; x_wconf 86' lang='lat' dir='ltr'>parvum</span> <span class='ocrx_word' id='word_1_78' title='bbox 950 2395 1119 2469; x_wconf 92' lang='lat' dir='ltr'>thesauro</span> <span class='ocrx_word' id='word_1_79' title='bbox 1128 2397 1220 2469; x_wconf 86' lang='lat' dir='ltr'>Beati</span> <span class='ocrx_word' id='word_1_80' title='bbox 1236 2397 1409 2494; x_wconf 84' lang='lat' dir='ltr'>Dionysii,</span> <span class='ocrx_word' id='word_1_81' title='bbox 1426 2421 1549 2486; x_wconf 88' lang='lat' dir='ltr'>causa,</span> 
     </span>
     <span class='ocr_line' id='line_1_12' title="bbox 489 2508 1547 2609; baseline -0.001 -24"><span class='ocrx_word' id='word_1_82' title='bbox 489 2528 529 2586; x_wconf 92' lang='lat' dir='ltr'>ut</span> <span class='ocrx_word' id='word_1_83' title='bbox 564 2513 766 2600; x_wconf 89' lang='lat' dir='ltr'>credimus,</span> <span class='ocrx_word' id='word_1_84' title='bbox 792 2511 897 2607; x_wconf 83' lang='lat' dir='ltr'>largae</span> <span class='ocrx_word' id='word_1_85' title='bbox 923 2508 1107 2609; x_wconf 90' lang='lat' dir='ltr'>quondam</span> <span class='ocrx_word' id='word_1_86' title='bbox 1133 2510 1383 2584; x_wconf 71' lang='lat' dir='ltr'>munificentia</span> <span class='ocrx_word' id='word_1_87' title='bbox 1404 2536 1547 2607; x_wconf 86' lang='lat' dir='ltr'>regum,</span> 
     </span>
     <span class='ocr_line' id='line_1_13' title="bbox 489 2626 1550 2726; baseline -0.001 -26"><span class='ocrx_word' id='word_1_88' title='bbox 489 2626 673 2700; x_wconf 89' lang='lat' dir='ltr'>redditum</span> <span class='ocrx_word' id='word_1_89' title='bbox 696 2641 908 2716; x_wconf 89' lang='lat' dir='ltr'>statuerunt,</span> <span class='ocrx_word' id='word_1_90' title='bbox 939 2626 1056 2724; x_wconf 90' lang='lat' dir='ltr'>sopita</span> <span class='ocrx_word' id='word_1_91' title='bbox 1082 2650 1179 2697; x_wconf 90' lang='lat' dir='ltr'>nunc</span> <span class='ocrx_word' id='word_1_92' title='bbox 1211 2650 1341 2722; x_wconf 87' lang='lat' dir='ltr'>magna</span> <span class='ocrx_word' id='word_1_93' title='bbox 1372 2651 1414 2698; x_wconf 83' lang='lat' dir='ltr'>ex</span> <span class='ocrx_word' id='word_1_94' title='bbox 1444 2640 1550 2726; x_wconf 88' lang='lat' dir='ltr'>parte</span> 
     </span>
     <span class='ocr_line' id='line_1_14' title="bbox 489 2740 1550 2841; baseline -0.001 -25"><span class='ocrx_word' id='word_1_95' title='bbox 489 2741 703 2816; x_wconf 89' lang='lat' dir='ltr'>liberalitate</span> <span class='ocrx_word' id='word_1_96' title='bbox 727 2767 871 2830; x_wconf 86' lang='lat' dir='ltr'>eorum,</span> <span class='ocrx_word' id='word_1_97' title='bbox 906 2742 1072 2839; x_wconf 83' lang='lat' dir='ltr'>quaedam</span> <span class='ocrx_word' id='word_1_98' title='bbox 1105 2765 1184 2838; x_wconf 86' lang='lat' dir='ltr'>quae</span> <span class='ocrx_word' id='word_1_99' title='bbox 1211 2741 1278 2813; x_wconf 88' lang='lat' dir='ltr'>Dei</span> <span class='ocrx_word' id='word_1_100' title='bbox 1302 2740 1483 2841; x_wconf 83' lang='lat' dir='ltr'>adjutorio</span> <span class='ocrx_word' id='word_1_101' title='bbox 1511 2757 1550 2816; x_wconf 86' lang='lat' dir='ltr'>et</span> 
     </span>
     <span class='ocr_line' id='line_1_15' title="bbox 490 2855 1550 2956; baseline 0.001 -27"><span class='ocrx_word' id='word_1_102' title='bbox 490 2857 744 2956; x_wconf 86' lang='lat' dir='ltr'>adquisivimus</span> <span class='ocrx_word' id='word_1_103' title='bbox 757 2872 792 2929; x_wconf 88' lang='lat' dir='ltr'>et</span> <span class='ocrx_word' id='word_1_104' title='bbox 810 2855 1063 2929; x_wconf 69' lang='lat' dir='ltr'>aedificavimus</span> <span class='ocrx_word' id='word_1_105' title='bbox 1076 2857 1238 2929; x_wconf 90' lang='lat' dir='ltr'>unanimi</span> <span class='ocrx_word' id='word_1_106' title='bbox 1250 2881 1426 2930; x_wconf 87' lang='lat' dir='ltr'>consensu</span> <span class='ocrx_word' id='word_1_107' title='bbox 1438 2873 1550 2956; x_wconf 88' lang='lat' dir='ltr'>atque</span> 
     </span>
     <span class='ocr_line' id='line_1_16' title="bbox 428 2971 1547 3072; baseline -0.002 -26"><span class='ocrx_word' id='word_1_108' title='bbox 428 2982 438 2997; x_wconf 86' lang='lat'><em>‘</em></span> <span class='ocrx_word' id='word_1_109' title='bbox 491 2971 641 3046; x_wconf 88' lang='lat' dir='ltr'>consilio</span> <span class='ocrx_word' id='word_1_110' title='bbox 681 2973 823 3071; x_wconf 88' lang='lat' dir='ltr'>capituli</span> <span class='ocrx_word' id='word_1_111' title='bbox 859 2973 974 3044; x_wconf 89' lang='lat' dir='ltr'>nostri</span> <span class='ocrx_word' id='word_1_112' title='bbox 1007 2971 1124 3045; x_wconf 90' lang='lat' dir='ltr'>eidem</span> <span class='ocrx_word' id='word_1_113' title='bbox 1161 2972 1299 3045; x_wconf 90' lang='lat' dir='ltr'>domini</span> <span class='ocrx_word' id='word_1_114' title='bbox 1331 2988 1368 3046; x_wconf 89' lang='lat' dir='ltr'>et</span> <span class='ocrx_word' id='word_1_115' title='bbox 1401 2973 1547 3072; x_wconf 90' lang='lat' dir='ltr'>patroni</span> 
     </span>
     <span class='ocr_line' id='line_1_17' title="bbox 490 3085 1547 3183; baseline -0.002 -23"><span class='ocrx_word' id='word_1_116' title='bbox 490 3087 602 3160; x_wconf 84' lang='lat' dir='ltr'>nostri</span> <span class='ocrx_word' id='word_1_117' title='bbox 626 3087 792 3161; x_wconf 87' lang='lat' dir='ltr'>thesauro</span> <span class='ocrx_word' id='word_1_118' title='bbox 819 3088 1071 3160; x_wconf 88' lang='lat' dir='ltr'>concessimus.</span> <span class='ocrx_word' id='word_1_119' title='bbox 1101 3087 1244 3159; x_wconf 89' lang='lat' dir='ltr'>Noverit</span> <span class='ocrx_word' id='word_1_120' title='bbox 1267 3111 1353 3183; x_wconf 84' lang='lat' dir='ltr'>ergo</span> <span class='ocrx_word' id='word_1_121' title='bbox 1382 3085 1547 3160; x_wconf 87' lang='lat' dir='ltr'>fidelium</span> 
     </span>
     <span class='ocr_line' id='line_1_18' title="bbox 490 3201 1547 3300; baseline -0.001 -25"><span class='ocrx_word' id='word_1_122' title='bbox 490 3204 710 3292; x_wconf 88' lang='lat' dir='ltr'>universitas,</span> <span class='ocrx_word' id='word_1_123' title='bbox 729 3203 1050 3300; x_wconf 60' lang='lat' dir='ltr'>mmpmsentinm</span> <span class='ocrx_word' id='word_1_124' title='bbox 1081 3226 1190 3298; x_wconf 90' lang='lat' dir='ltr'>qnam</span> <span class='ocrx_word' id='word_1_125' title='bbox 1213 3201 1428 3294; x_wconf 85' lang='lat' dir='ltr'>futurorum,</span> <span class='ocrx_word' id='word_1_126' title='bbox 1444 3201 1547 3300; x_wconf 91' lang='lat' dir='ltr'>quod</span> 
     </span>
     <span class='ocr_line' id='line_1_19' title="bbox 488 3312 1547 3417; baseline -0.004 -27"><span class='ocrx_word' id='word_1_127' title='bbox 488 3312 1437 3417; x_wconf 81' lang='lat' dir='ltr'>ecclesiaspraeposituraedeBernevai¹spectantes,tam</span> <span class='ocrx_word' id='word_1_128' title='bbox 1446 3314 1547 3387; x_wconf 89' lang='lat' dir='ltr'>iiiam</span> 
     </span>
     <span class='ocr_line' id='line_1_20' title="bbox 490 3429 1545 3530; baseline 0.001 -27"><span class='ocrx_word' id='word_1_129' title='bbox 490 3430 621 3503; x_wconf 91' lang='lat' dir='ltr'>scilicet</span> <span class='ocrx_word' id='word_1_130' title='bbox 636 3434 754 3504; x_wconf 87' lang='lat' dir='ltr'>Sancti</span> <span class='ocrx_word' id='word_1_131' title='bbox 770 3431 910 3504; x_wconf 86' lang='lat' dir='ltr'>Martini</span> <span class='ocrx_word' id='word_1_132' title='bbox 925 3455 1036 3529; x_wconf 87' lang='lat' dir='ltr'>quam</span> <span class='ocrx_word' id='word_1_133' title='bbox 1058 3429 1144 3505; x_wconf 85' lang='lat' dir='ltr'>alias</span> <span class='ocrx_word' id='word_1_134' title='bbox 1174 3457 1195 3504; x_wconf 87' lang='lat' dir='ltr'>a</span> <span class='ocrx_word' id='word_1_135' title='bbox 1219 3434 1301 3530; x_wconf 89' lang='lat' dir='ltr'>jure</span> <span class='ocrx_word' id='word_1_136' title='bbox 1316 3433 1545 3505; x_wconf 87' lang='lat' dir='ltr'>sacerdotum</span> 
     </span>
     <span class='ocr_line' id='line_1_21' title="bbox 489 3545 1545 3647; baseline 0.002 -28"><span class='ocrx_word' id='word_1_137' title='bbox 489 3547 713 3620; x_wconf 76' lang='lat' dir='ltr'>haereditario</span> <span class='ocrx_word' id='word_1_138' title='bbox 739 3549 794 3618; x_wconf 88' lang='lat' dir='ltr'>avi</span> <span class='ocrx_word' id='word_1_139' title='bbox 811 3563 847 3617; x_wconf 93' lang='lat' dir='ltr'>et</span> <span class='ocrx_word' id='word_1_140' title='bbox 867 3546 976 3619; x_wconf 90' lang='lat' dir='ltr'>attavi</span> <span class='ocrx_word' id='word_1_141' title='bbox 1002 3571 1068 3646; x_wconf 90' lang='lat' dir='ltr'>per</span> <span class='ocrx_word' id='word_1_142' title='bbox 1087 3572 1154 3619; x_wconf 93' lang='lat' dir='ltr'>nos</span> <span class='ocrx_word' id='word_1_143' title='bbox 1180 3545 1301 3620; x_wconf 87' lang='lat' dir='ltr'>divina</span> <span class='ocrx_word' id='word_1_144' title='bbox 1327 3563 1545 3647; x_wconf 88' lang='lat' dir='ltr'>cooperante</span> 
     </span>
     <span class='ocr_line' id='line_1_22' title="bbox 491 3661 1545 3763; baseline -0.001 -27"><span class='ocrx_word' id='word_1_145' title='bbox 491 3664 601 3759; x_wconf 82' lang='lat' dir='ltr'>gratia</span> <span class='ocrx_word' id='word_1_146' title='bbox 615 3678 800 3753; x_wconf 81' lang='lat' dir='ltr'>extractas,</span> <span class='ocrx_word' id='word_1_147' title='bbox 817 3678 879 3735; x_wconf 93' lang='lat' dir='ltr'>aut</span> <span class='ocrx_word' id='word_1_148' title='bbox 898 3663 927 3733; x_wconf 90' lang='lat' dir='ltr'>si</span> <span class='ocrx_word' id='word_1_149' title='bbox 943 3661 1061 3734; x_wconf 85' lang='lat' dir='ltr'>adhuc</span> <span class='ocrx_word' id='word_1_150' title='bbox 1076 3662 1203 3760; x_wconf 86' lang='lat' dir='ltr'>aliquae</span> <span class='ocrx_word' id='word_1_151' title='bbox 1219 3663 1254 3733; x_wconf 92' lang='lat' dir='ltr'>in</span> <span class='ocrx_word' id='word_1_152' title='bbox 1276 3664 1354 3763; x_wconf 89' lang='lat' dir='ltr'>ipsa</span> <span class='ocrx_word' id='word_1_153' title='bbox 1378 3665 1545 3762; x_wconf 67' lang='lat' dir='ltr'>praeposi·</span> 
     </span>
     <span class='ocr_line' id='line_1_23' title="bbox 487 3777 1541 3871; baseline 0.001 -20"><span class='ocrx_word' id='word_1_154' title='bbox 487 3794 570 3851; x_wconf 90' lang='lat' dir='ltr'>tura</span> <span class='ocrx_word' id='word_1_155' title='bbox 592 3803 693 3850; x_wconf 90' lang='lat' dir='ltr'>novae</span> <span class='ocrx_word' id='word_1_156' title='bbox 718 3777 949 3869; x_wconf 69' lang='lat' dir='ltr'>aedificentur,</span> <span class='ocrx_word' id='word_1_157' title='bbox 970 3802 1097 3850; x_wconf 87' lang='lat' dir='ltr'>omnes</span> <span class='ocrx_word' id='word_1_158' title='bbox 1119 3777 1293 3869; x_wconf 90' lang='lat' dir='ltr'>unanimi,</span> <span class='ocrx_word' id='word_1_159' title='bbox 1317 3793 1358 3850; x_wconf 89' lang='lat' dir='ltr'>ut</span> <span class='ocrx_word' id='word_1_160' title='bbox 1373 3777 1541 3871; x_wconf 82' lang='lat' dir='ltr'>diximus,</span> 
     </span>
     <span class='ocr_line' id='line_1_24' title="bbox 488 3891 1539 3990; baseline 0.001 -24"><span class='ocrx_word' id='word_1_161' title='bbox 488 3893 642 3966; x_wconf 83' lang='lat' dir='ltr'>fratrum</span> <span class='ocrx_word' id='word_1_162' title='bbox 683 3893 830 3965; x_wconf 81' lang='lat' dir='ltr'>consilio</span> <span class='ocrx_word' id='word_1_163' title='bbox 867 3891 915 3966; x_wconf 90' lang='lat' dir='ltr'>ad</span> <span class='ocrx_word' id='word_1_164' title='bbox 946 3892 1209 3990; x_wconf 87' lang='lat' dir='ltr'>reparationem</span> <span class='ocrx_word' id='word_1_165' title='bbox 1243 3908 1539 3967; x_wconf 87' lang='lat' dir='ltr'>ornamentorum</span> 
     </span>
     <span class='ocr_line' id='line_1_25' title="bbox 488 4004 1545 4106; baseline 0.002 -26"><span class='ocrx_word' id='word_1_166' title='bbox 488 4010 586 4081; x_wconf 89' lang='lat' dir='ltr'>Beati</span> <span class='ocrx_word' id='word_1_167' title='bbox 611 4009 785 4106; x_wconf 89' lang='lat' dir='ltr'>Dionysii,</span> <span class='ocrx_word' id='word_1_168' title='bbox 802 4007 851 4080; x_wconf 92' lang='lat' dir='ltr'>ob</span> <span class='ocrx_word' id='word_1_169' title='bbox 872 4008 999 4082; x_wconf 87' lang='lat' dir='ltr'>animae</span> <span class='ocrx_word' id='word_1_170' title='bbox 1025 4032 1114 4080; x_wconf 73' lang='lat' dir='ltr'>meae</span> <span class='ocrx_word' id='word_1_171' title='bbox 1134 4004 1348 4098; x_wconf 88' lang='lat' dir='ltr'>remedium,</span> <span class='ocrx_word' id='word_1_172' title='bbox 1375 4009 1545 4082; x_wconf 83' lang='lat' dir='ltr'>thesauro</span> 
     </span>
     <span class='ocr_line' id='line_1_26' title="bbox 488 4120 1546 4224; baseline -0.002 -27"><span class='ocrx_word' id='word_1_173' title='bbox 488 4124 1031 4224; x_wconf 87' lang='lat' dir='ltr'>donavimus.Villamveroquae</span> <span class='ocrx_word' id='word_1_174' title='bbox 1039 4120 1546 4214; x_wconf 87' lang='lat' dir='ltr'>diciturQuadraria²,anobis</span> 
     </span>
    </p>
   </div>
   <div class='ocr_carea' id='block_1_6' title="bbox 528 4369 1481 4539">
    <p class='ocr_par' dir='ltr' id='par_1_6' title="bbox 528 4369 1481 4539">
     <span class='ocr_line' id='line_1_27' title="bbox 529 4369 871 4446; baseline 0 -20"><span class='ocrx_word' id='word_1_175' title='bbox 529 4371 559 4428; x_wconf 74' lang='lat' dir='ltr'>i.</span> <span class='ocrx_word' id='word_1_176' title='bbox 581 4371 617 4428; x_wconf 87' lang='lat' dir='ltr'>V.</span> <span class='ocrx_word' id='word_1_177' title='bbox 634 4369 733 4446; x_wconf 74' lang='lat' dir='ltr'>snpra,</span> <span class='ocrx_word' id='word_1_178' title='bbox 749 4387 779 4446; x_wconf 86' lang='lat' dir='ltr'>p.</span> <span class='ocrx_word' id='word_1_179' title='bbox 804 4371 871 4426; x_wconf 76' lang='lat' dir='ltr'>tat.</span> 
     </span>
     <span class='ocr_line' id='line_1_28' title="bbox 528 4459 1481 4539; baseline 0.002 -23"><span class='ocrx_word' id='word_1_180' title='bbox 528 4462 559 4517; x_wconf 78' lang='lat'>2.</span> <span class='ocrx_word' id='word_1_181' title='bbox 581 4463 664 4518; x_wconf 86' lang='lat' dir='ltr'>Nunc</span> <span class='ocrx_word' id='word_1_182' title='bbox 683 4460 768 4518; x_wconf 81' lang='lat' dir='ltr'>ctiam</span> <span class='ocrx_word' id='word_1_183' title='bbox 789 4459 865 4521; x_wconf 82' lang='lat' dir='ltr'>dicta</span> <span class='ocrx_word' id='word_1_184' title='bbox 880 4459 1224 4524; x_wconf 62' lang='lat' dir='ltr'>Carrieres-Saint-Denis</span> <span class='ocrx_word' id='word_1_185' title='bbox 1239 4459 1481 4539; x_wconf 79' lang='lat' dir='ltr'>(Scine-et-Ot‘n·).</span> 
     </span>
    </p>
   </div>
   <div class='ocr_carea' id='block_1_7' title="bbox 0 0 1876 5667">
    <p class='ocr_par' dir='ltr' id='par_1_7' title="bbox 0 0 1876 5667">
     <span class='ocr_line' id='line_1_29' title="bbox 0 0 1876 5667; baseline 0 0"><span class='ocrx_word' id='word_1_186' title='bbox 0 0 1876 5667; x_wconf 95' lang='lat' dir='ltr'> </span> 
     </span>
    </p>
   </div>
  </div>
 </body>
</html>
