3742 5667
575 816 1035 878 mmmmm
1201 804 1332 879 'm

263 970 344 1015 eam
368 971 487 1044 qnam
510 949 620 1021 miser
642 948 864 1022 inhabitabat
892 973 1070 1022 cameram
1101 951 1330 1049 deportatum

262 1078 370 1153 esset,
405 1064 528 1136 sicut·
547 1067 578 1137 si
605 1067 680 1163 ipse
703 1066 880 1137 Dominus
892 1070 993 1137 lesus
1012 1067 1255 1140 miserrimum
1269 1094 1329 1143 vas

263 1176 432 1251 hominis
447 1180 597 1254 minime
613 1181 837 1278 poenitentis’
864 1179 967 1253 nullo
983 1181 1094 1254 modo
1109 1182 1245 1278 ingredi
1260 1208 1334 1255 sus·

266 1294 414 1385 tinerct,
434 1320 522 1367 mox
540 1312 579 1368 nt
599 1296 659 1368 ille
676 1320 832 1393 nequam
849 1295 983 1369 collum
996 1298 1120 1389 erexit,
1136 1298 1233 1370 illico
1248 1324 1334 1371 con-

267 1410 428 1483 fractum
466 1414 627 1502 retorsit,
666 1427 703 1485 et
733 1413 899 1511 spiritum
948 1414 1172 1486 teterrimum
1207 1414 1335 1488 divinae

267 1552 397 1625 expers
438 1529 665 1602 Eucharistiae
696 1529 884 1602 exhalavit.
929 1532 1002 1603 Rex
1034 1544 1153 1601 autem
1187 1529 1335 1603 ulterius

268 1657 324 1716 aut
364 1659 558 1717 mortuum
587 1660 649 1717 aut
669 1645 806 1717 mortui
826 1659 959 1717 terram
982 1647 1147 1744 prosequi
1165 1644 1335 1743 dedigna-

267 1774 337 1849 tus,
353 1775 605 1833 mercatorum
616 1760 937 1859 emancipationem
948 1775 983 1832 et
995 1759 1241 1832 thesaurorum
1259 1760 1334 1857 ejus

268 1876 466 1948 maximam
485 1892 623 1976 partem
648 1900 670 1946 a
690 1876 844 1973 conjuge
866 1892 902 1949 ct
918 1875 998 1948 liliis
1014 1876 1173 1966 extorsit,
1193 1892 1228 1949 et
1245 1900 1333 1975 pace

269 1990 428 2064 ecclesiis
455 2008 573 2065 morte
589 1992 732 2089 tyranni
749 1992 924 2084 restituta,
946 1992 1061 2064 victor
1079 1992 1254 2064 Parisius‘
1269 2016 1334 2065 re·

271 2109 419 2181 meavit.

315 2222 452 2295 Sedet
479 2223 551 2295 alio
581 2237 756 2320 tempore,
783 2248 867 2295 cum
887 2220 1087 2296 ‘occasione
1119 2222 1335 2322 dapiferatus

272 2340 472 2411 emersisset
497 2340 590 2411 inter
614 2337 804 2412 dominum
826 2362 947 2433 regern
972 2353 1007 2411 et
1035 2337 1253 2411 Amalricum
1286 2340 1332 2412 de

272 2458 391 2526 Monte
409 2456 507 2527 Forti
542 2455 662 2527 virum
695 2454 883 2544 illustrem,
909 2453 1113 2526 stimulante
1146 2454 1332 2553 Stephano

272 2568 536 2661 Garlandensi⁸,
554 2569 698 2665 grandis
717 2568 914 2661 altercatio,
943 2584 978 2642 et
994 2584 1068 2641 tam
1091 2569 1180 2665 regis
1203 2570 1331 2665 anglici

275 2710 380 2783 quam
392 2687 535 2759 comitis
547 2684 743 2759 Theobaldi
763 2684 946 2759 fulciretur
961 2686 1145 2782 suffragio,
1167 2685 1332 2758 festinato

276 2798 427 2870 exercitu
444 2798 646 2871 Livriacum
662 2796 804 2870 obsedit
819 2814 990 2890 castrum,
1014 2817 1050 2870 et
1066 2797 1192 2870 erectis
1213 2797 1332 2894 impu·

276 2915 443 3011 gnatoriis
460 2913 646 3002 machinis,
666 2912 843 3011 frequenti
860 2914 1046 2987 invasione
1067 2912 1196 2986 crebro
1209 2938 1332 3010 aggre-

278 3030 375 3102 diens
391 3030 542 3127 impetu,
560 3029 748 3101 fortissime
764 3030 990 3127 expugnavit.
1006 3032 1051 3101 Et
1068 3029 1239 3127 quoniam
1255 3029 1331 3126 ejus

278 3170 395 3217 comes
430 3158 467 3217 et
500 3158 672 3240 cognatus
701 3168 891 3239 germanus
926 3143 1098 3216 Radulfus
1117 3145 1330 3218 ‘Viroman-

280 3257 404 3349 densis‚
430 3257 603 3330 balistarii
625 3256 778 3355 quadro,
807 3258 844 3329 in
870 3257 1002 3329 assultu
1025 3260 1326 3357 promptissimus,

280 3368 380 3443 oculo
396 3385 452 3442 cst
466 3370 637 3468 privatus,
652 3368 888 3441 fortissimum
904 3384 1062 3443 castrum
1073 3370 1234 3442 funditus
1250 3370 1333 3443 sub·

280 3488 389 3559 vertit.
411 3486 483 3559 Sed
502 3500 538 3558 ct
553 3500 652 3557 tanto
665 3509 874 3582 guerrarum
887 3485 985 3558 bello
1001 3510 1062 3558 eos
1078 3485 1209 3576 affecit,
1233 3486 1331 3583 quod

282 3601 325 3670 et‘
343 3598 582 3696 dapiferatum
595 3612 631 3669 et
643 3594 862 3695 dapiferatus
875 3596 1120 3669 haereditatem
1135 3596 1233 3669 bona
1244 3621 1330 3695 pace

281 3712 513 3812 relinquentes
534 3712 804 3787 abdicaverunt.
817 3717 896 3801 Qua
911 3737 1039 3808 guerra
1049 3713 1124 3811 ipse
1137 3714 1246 3785 etiam
1254 3738 1329 3801 rex,

284 3831 357 3927 quia
371 3830 535 3903 militaris
549 3830 606 3901 vir
620 3846 707 3920 erat,
720 3852 863 3926 semper
871 3843 1061 3927 promptus
1074 3829 1110 3899 in
1122 3828 1256 3919 hostes,
1268 3828 1332 3901 ba-

284 3942 397 4019 listarii
431 3947 652 4019 immissione
684 3944 814 4043 quadri
845 3968 951 4016 crure
981 3944 1195 4043 perforatus,
1230 3945 1332 4017 laesus

322 4146 346 4202 1.
357 4146 407 4203 Sr'c
421 4145 529 4202 l2'llss.
541 4175 580 4187 -
601 4146 631 4203 2.
646 4143 788 4211 Patentis,
804 4140 953 4212 mendose,
968 4137 1012 4198 id.
1027 4140 1093 4199 cod.

319 4237 346 4295 3.
361 4238 493 4293 Paratus
514 4235 602 4296 codd.
624 4254 724 4295 omnes
743 4246 772 4295 et
793 4233 863 4297 edit.
890 4232 1038 4297 Benedict.
1050 4264 1091 4278 —
1117 4236 1241 4293 Parirr'r's
1262 4231 1335 4293 reli-

287 4326 568 4484 quleflffdrlamdensi
579 4424 689 4482 tatto.
709 4425 785 4483 -5,
801 4424 840 4480 Ut
855 4422 952 4500 supra.

323 4518 351 4575 6.
366 4519 404 4573 Et
417 4514 506 4576 codd.
523 4534 625 4573 omues
638 4534 672 4575 ac
682 4512 753 4576 edit.
768 4512 914 4573 Benedict.
927 4544 968 4558 -
982 4518 1021 4574 Ei
1032 4510 1148 4592 reliquae
1164 4511 1230 4575 edd.
