3742 5667
744 801 923 860 cuturn&
1311 808 1369 865 383

311 933 387 1022 nio,
420 931 485 1006 sed
522 932 704 1030 emptione
741 931 928 1031 cujusdam
964 929 1094 1005 domus
1123 947 1159 1006 et
1191 913 1369 1032 positione

311 1044 513 1139 stallorum,
532 1043 725 1143 dequibus
741 1043 800 1118 bie
817 1069 943 1118 census
956 1043 1241 1142 irrefragabiliter
1257 1044 1369 1120 debe·

313 1176 382 1235 tur.
402 1165 683 1236 Commonemus
708 1175 829 1234 autem
851 1176 888 1235 et
906 1161 1124 1234 consulimus
1143 1161 1310 1234 fratribus
1332 1162 1366 1236 in

313 1277 434 1351 officio
452 1276 655 1376 agentibus,
681 1278 861 1376 quatinus,
891 1293 1020 1377 praeter
1036 1303 1075 1350 en
1098 1301 1177 1377 quae
1202 1276 1250 1350 ad
1272 1291 1369 1350 exte·

312 1391 447 1466 riorem
465 1411 640 1468 terrarum
656 1419 781 1468 curam
802 1393 981 1492 pertinere
996 1407 1150 1492 oportet,
1168 1395 1370 1468 usumfruc-

312 1524 393 1581 tum
430 1511 539 1584 totius
564 1512 808 1610 praepositurae
833 1508 984 1581 fratrum
1021 1508 1291 1582 necessitatibus
1315 1534 1373 1582 ex·

311 1623 485 1723 pendat¹‚
516 1651 583 1700 nee
619 1627 737 1726 aliqua
780 1625 813 1697 ei
848 1625 989 1698 occasio
1034 1639 1096 1697 aut
1136 1625 1372 1698 emendorum

312 1739 507 1840 palliorum
532 1757 593 1814 aut
620 1742 775 1815 aliorum
793 1755 1088 1814 ornamentorum
1108 1741 1291 1840 subrepat,
1309 1743 1371 1816 sed

314 1855 472 1930 totaliter
503 1858 654 1931 fratrum
683 1855 951 1931 necessitatibus
988 1872 1199 1930 reservetur.
1232 1858 1372 1947 Quibus

314 1972 608 2047 etiamdebilitati
617 1989 653 2048 et
662 1973 843 2048 seniorum
851 1973 1187 2066 condescendendo,
1197 1971 1373 2048 adcalela-

314 2086 485 2164 ciendum
498 2114 572 2182 eos,
588 2114 663 2188 quo
679 2089 782 2163 valde
793 2089 958 2186 egebant,
972 2105 1232 2163 tensamentum
1245 2094 1373 2164 Garso·

316 2205 371 2277 uis
382 2205 482 2281 Villa
490 2220 670 2295 nostrum,
682 2205 744 2303 qui
761 2203 806 2277 de
819 2205 896 2303 ipsa
912 2205 992 2276 villa
1003 2229 1129 2278 eorum
1143 2220 1233 2298 erat,
1249 2205 1281 2278 ei
1298 2229 1375 2306 per-

317 2336 425 2421 petuo
470 2335 669 2396 anatemate
708 2319 1012 2394 confirmavimus.

364 2443 491 2531 Porro,
517 2439 688 2538 quoniam
706 2437 890 2536 parvitatis
910 2452 1041 2510 nostrae
1057 2439 1270 2513 memoriam
1288 2464 1374 2538 prae-

317 2556 471 2628 sentium
491 2555 744 2629 etluturorum
764 2554 913 2625 fratrum
930 2552 1113 2626 dilectioni
1134 2554 1270 2653 absque
1285 2581 1373 2654 prae·

316 2670 528 2746 cedentibus
554 2672 690 2744 meritis
714 2669 845 2741 obnixe
866 2669 1179 2764 commendamus,
1206 2687 1245 2744 ut
1271 2671 1376 2744 saluti

317 2788 443 2861 animae
478 2803 608 2862 nostra
647 2785 829 2886 proficiat,
860 2809 978 2884 operae
1015 2787 1172 2884 pretium
1210 2785 1376 2859 duximus

317 2904 575 3004 imperatorum
594 2918 631 2976 et
651 2903 829 3000 majorum
849 2917 1076 2992 nostrorum,
1099 2904 1161 3001 qui
1187 2926 1245 2975 eas
1264 2901 1378 2974 multa

317 3019 545 3112 liberalitate,
568 3019 665 3117 larga
691 3018 936 3092 munificentia
961 3031 1172 3092 meruerunt
1197 3017 1293 3110 fieri,
1322 3015 1377 3090 vel

318 3137 434 3210 multo
453 3152 658 3238 temporum
675 3134 856 3210 curriculo
872 3136 1005 3234 sopitas
1018 3135 1063 3208 ad
1081 3136 1230 3210 salutem
1248 3137 1380 3212 anima·

318 3272 401 3330 rum
422 3257 590 3329 suscitare
609 3269 646 3327 et
669 3255 864 3328 informare
886 3254 1093 3345 memorias,
1112 3253 1205 3326 inter
1220 3278 1310 3352 quas
1325 3253 1378 3325 in·
1483 3302 1486 3324 .

318 3372 402 3468 clyti
424 3386 462 3445 et
482 3371 694 3444 nobilissimi
718 3370 942 3469 imperatoris
957 3368 1078 3442 Karoli
1092 3370 1185 3442 tertii
1202 3370 1380 3442 solemnes

318 3487 510 3560 memorias
524 3509 685 3559 recreare
701 3499 736 3558 et
749 3485 934 3558 restituere
949 3483 1020 3555 hoc
1037 3483 1147 3556 modo
1161 3485 1377 3556 censuimus.

318 3601 447 3674 Modus
467 3616 587 3674 autem
609 3600 706 3675 idem
725 3601 857 3699 estqui
879 3601 916 3672 in
935 3613 1148 3673 testamento
1168 3599 1379 3698 imperialis²

318 3717 523 3791 continetur
532 3717 735 3816 majestatis,
748 3739 792 3788 eo
805 3715 971 3790 videlicet
986 3736 1059 3813 quo
1077 3715 1251 3812 gloriosus
1267 3716 1379 3813 impe-

319 3848 419 3908 rator
443 3834 604 3908 nobilem
629 3832 759 3907 uillam
786 3830 951 3904 Ruoilum
978 3855 1063 3904 cum
1082 3831 1307 3930 appendiciis
1324 3830 1379 3902 sui

320 3965 356 4022 et
375 3975 550 4048 aquarum
574 3951 710 4023 sorestae
733 3951 841 4022 Beato
864 3948 1037 4046 Dionysio
1057 3947 1151 4043 regia
1173 3944 1382 4018 liberalitate

320 4064 484 4139 eontulit.
509 4065 701 4138 Constituit
722 4062 899 4162 siquidem
921 4060 1062 4154 nobile,
1085 4073 1120 4133 et
1146 4057 1247 4158 quod
1269 4059 1383 4158 impe-

322 4196 477 4254 ratorem
495 4180 644 4256 decebat
659 4179 889 4255 mandatum:
906 4177 1006 4277 quod
1019 4177 1116 4250 idem
1131 4175 1228 4276 apud
1243 4175 1332 4247 alins
1348 4191 1381 4247 et

323 4294 369 4367 de
388 4295 465 4370 aliis
481 4296 624 4395 regibus
642 4297 731 4370 solet
746 4295 854 4370 recoli
868 4295 1014 4392 singulis
1027 4295 1129 4368 annis
1144 4293 1221 4367 dies
1238 4292 1380 4391 deposi-

364 4547 396 4608 l.
410 4543 456 4607 sic
468 4543 566 4606 charta
579 4543 653 4626 orig.
671 4555 699 4606 et
710 4541 780 4604 edd.
805 4571 844 4589 ··-
871 4547 900 4603 ἲ.
922 4547 1084 4620 lauru-tati,
1102 4541 1249 4613 mendose,
1272 4537 1339 4597 edd.

1224 4649 1263 4706 23
