3742 5667
505 736 563 793 aas
722 729 885 789 muvnss
906 712 1123 787 conpatres
1145 727 1196 785 on
1215 726 1347 785 socen.

503 862 697 951 dominica,
716 860 960 933 ordinavimus
970 858 1190 932 ornamentis
1200 859 1385 953 decoram,
1401 857 1582 959 personis

501 979 681 1055 celebrem
698 978 975 1077 processionem.
995 976 1091 1065 Quin
1110 977 1220 1049 etiam
1234 977 1403 1050 manibus
1424 975 1580 1075 episco-

499 1122 630 1199 porum
647 1112 683 1169 et
699 1095 875 1169 abbatum
886 1094 1036 1189 insignia
1048 1093 1245 1167 Dominicae
1262 1094 1453 1187 Passionis,
1469 1090 1581 1164 vide·

501 1214 584 1287 licet
597 1213 739 1287 clavum
753 1226 789 1283 et
806 1234 979 1283 coronam
999 1209 1159 1302 Domini,
1182 1224 1218 1283 et
1235 1208 1427 1283 brachium
1452 1206 1580 1281 sancti

499 1330 591 1403 senis
606 1326 798 1420 Simeonis,
823 1341 860 1399 et
878 1325 945 1397 alia
964 1340 1168 1398 sanctarum
1189 1325 1423 1425 reliquiarum
1439 1339 1578 1425 patro-

502 1445 595 1518 cinia
615 1442 863 1542 praeferentes,
890 1441 937 1513 ad
959 1440 1101 1513 defossa
1123 1440 1293 1515 faciendis
1320 1439 1579 1517 fundamentis

496 1573 695 1660 praeparata
705 1557 783 1631 loca
797 1555 983 1629 humiliter
995 1570 1030 1629 et
1046 1554 1175 1629 devote
1189 1556 1453 1631 descendimus.
1476 1556 1579 1628 Dein

458 1704 468 1729 ·
496 1674 667 1776 paraclyti
684 1674 837 1773 Spiritus
854 1673 967 1745 sancti
980 1672 1227 1747 consolatione
1243 1674 1420 1767 invocata,
1440 1689 1485 1745 ut
1500 1672 1578 1745 bo-

498 1816 587 1865 num
607 1791 738 1865 domus
763 1790 830 1861 Dei
858 1788 1075 1889 principium
1089 1787 1189 1861 bono
1217 1788 1289 1861 fine
1316 1789 1574 1881 concluderet,

498 1932 582 1979 cum
597 1907 757 2005 primum
774 1904 842 2003 ipsi
858 1904 1016 2004 episcopi
1035 1928 1078 1977 ex
1094 1930 1186 2003 aqua
1202 1904 1393 1979 benedicta
1416 1904 1575 1980 dedica-

498 2022 605 2095 tionis
613 2021 727 2113 factae,
740 2020 903 2120 proximo
916 2020 1044 2117 quinto
1055 2019 1137 2092 idus
1151 2021 1257 2118 junii,
1270 2022 1426 2121 propriis
1437 2020 1574 2095 confe-

498 2137 627 2212 cissent
656 2134 824 2209 manibus
840 2150 1059 2227 cementum,
1078 2136 1216 2234 primos
1231 2136 1367 2234 lapides
1382 2139 1573 2239 imposue-

497 2268 600 2348 runt,
625 2254 802 2352 hymnum
832 2256 909 2323 Deo
936 2250 1107 2342 dicentes,
1132 2266 1167 2324 et
1194 2252 1441 2325 erdamenta
1465 2254 1569 2353 ejns¹

497 2396 612 2469 usque
633 2371 681 2444 ad
702 2370 813 2443 finem
841 2368 968 2469 psalmi
996 2368 1208 2441 solemniter
1220 2367 1465 2444 decantantes.
1481 2375 1569 2469 lpse

498 2488 596 2559 enim
612 2486 855 2562 serenissimus
870 2509 930 2556 rex
945 2484 1042 2557 intus
1056 2483 1275 2558 descendens
1284 2486 1439 2584 propriis
1449 2487 1570 2558 mani-

500 2602 567 2676 bus
578 2628 684 2689 suum
697 2602 883 2702 imposuit;
897 2624 964 2674 nos
973 2625 1132 2701 quoque,
1142 2617 1178 2673 et
1188 2602 1290 2674 multi
1301 2602 1362 2675 alii
1372 2617 1446 2674 tam
1454 2601 1569 2675 abba-

499 2734 552 2792 tes
584 2742 695 2818 quam
728 2717 882 2815 religiosi
916 2718 983 2790 viri
1017 2716 1152 2814 lapides
1182 2709 1265 2789 suos
1290 2719 1565 2817 imposuerunt;

498 2834 647 2933 quidam
655 2834 764 2908 etiam
775 2858 946 2931 gemmas,
956 2830 1005 2905 ob
1017 2856 1178 2905 amorem
1185 2846 1220 2906 et
1229 2836 1467 2908 reverentiam
1477 2841 1565 2908 Jesu

428 2950 431 2958 ’
497 2950 641 3037 Christi,
657 2950 905 3025 decantantes:
924 2947 1072 3047 Lapides
1079 2951 1240 3047 preciosi
1250 2975 1373 3023 omnes
1386 2953 1485 3023 muri
1493 2954 1561 3023 tui.

500 3070 570 3139 Nos
592 3067 699 3164 igitur
716 3083 814 3140 tanta
834 3082 871 3139 et
882 3080 958 3138 tam
974 3064 1100 3137 festiva
1113 3078 1188 3136 tam
1204 3067 1314 3139 sancti
1333 3066 1564 3139 fundamenti

498 3183 674 3281 positione
683 3182 879 3272 exhilarati,
899 3182 945 3255 de
959 3179 1165 3281 peragendo
1181 3180 1337 3276 solliciti,
1353 3185 1563 3257 varietatem

497 3314 715 3398 temporum,
738 3297 1015 3371 diminutionem
1033 3322 1281 3396 personarum,
1308 3314 1344 3371 et
1360 3305 1432 3373 mel
1448 3301 1562 3399 ipsius

412 3504 417 3512 .
497 3413 676 3487 delectum
698 3414 1001 3513 pertimescentes,
1020 3414 1208 3485 communi
1224 3414 1377 3487 fratrum
1391 3414 1557 3503 consilio,

494 3529 732 3626 pssistentium
750 3530 995 3629 persuasione,
1013 3526 1153 3602 domini
1170 3530 1262 3627 regis
1277 3555 1437 3622 assensu,
1450 3556 1560 3603 anna·

497 3645 568 3718 lem
585 3642 766 3719 redditum
787 3645 843 3718 his
866 3642 1049 3744 explendis
1072 3644 1335 3738 constituimus,
1370 3644 1556 3720 videlicet:

495 3776 639 3834 centum
675 3762 933 3861 quinquaginta
951 3760 1060 3833 libras
1084 3760 1129 3833 de
1150 3757 1368 3858 gazofilacio,
1386 3761 1425 3836 id
1443 3777 1498 3835 est
1512 3762 1560 3835 de

495 3875 740 3950 oblationibus
756 3878 875 3950 altaris
889 3892 925 3949 et
937 3876 1187 3974 reliquiarum,
1205 3893 1350 3951 centum
1367 3878 1403 3949 in
1417 3878 1558 3951 lodicto

494 4009 530 4065 et
553 3992 809 4092 quinquaginta
836 3995 871 4066 iu
903 3992 992 4064 sesto
1022 3994 1134 4066 sancti
1161 3993 1345 4092 Dionysii,
1380 3996 1557 4094 quinqua-

495 4109 589 4185 ainta
613 4110 720 4180 etiam
742 4106 787 4179 de
814 4107 1035 4206 possessione
1059 4108 1126 4180 sita
1141 4108 1177 4180 iu
1201 4108 1312 4199 Belsa,
1331 4135 1410 4207 quae
1424 4109 1556 4184 dieitur

498 4215 761 4323 Villana,'prius
774 4222 919 4313 inculta,
940 4222 1002 4297 sed
1018 4224 1149 4297 auxilio
1161 4223 1227 4297 Dei
1243 4239 1280 4298 et
1295 4242 1422 4300 nostro
1433 4226 1555 4301 labore

536 4450 676 4511 ursum.
696 4470 816 4512 cxxxvi.
