3742 5667
549 754 605 810 1³2
765 750 930 811 OEUVRES
951 751 1166 809 conaturus
1186 752 1235 807 DE
1255 752 1388 809 SUGER.

548 915 565 953 u
586 884 742 957 hominis
761 882 1091 991 formidinerefugi
1111 882 1369 955 derideremur.
1395 910 1411 947 n
1430 884 1513 975 Haec
1538 880 1605 971 ait,
1715 960 1716 975 ,

546 1016 581 1073 ct
596 1001 690 1072 mira
703 993 942 1085 animositate,
959 998 1041 1071 licet
1051 1022 1204 1096 corpore
1221 999 1348 1093 gravis,
1365 1022 1429 1096 per
1448 997 1608 1096 abrupta
1715 1048 1716 1075 ,

495 1116 500 1134 '
545 1130 579 1189 et
604 1115 814 1188 nemoribus
842 1113 1040 1187 obstrusas¹
1064 1114 1151 1203 vias,
1173 1114 1253 1187 licet
1277 1114 1488 1213 periculose,
1517 1137 1606 1183 cum

543 1234 698 1305 exercitu
721 1246 924 1330 penetrans,
952 1254 1036 1301 cum
1051 1252 1164 1326 prope
1186 1245 1344 1302 castrum
1367 1229 1604 1327 pervenisset,

543 1348 750 1420 nunciatum
773 1360 826 1419 est
852 1345 1095 1417 strenuissimo
1120 1346 1244 1419 comiti
1269 1343 1431 1435 Radulso,
1453 1344 1604 1416 ex'alia

542 1478 643 1563 parte
659 1463 761 1535 castri
779 1462 932 1557 vaganti,
952 1459 1119 1533 exercitui
1140 1460 1285 1533 insidias
1300 1461 1418 1560 parari
1435 1476 1470 1533 et
1486 1461 1602 1531 ruinae

541 1605 668 1652 eorum
680 1578 931 1651 instantissime
944 1577 1122 1650 demoliri.
1137 1579 1206 1665 Qui
1221 1577 1317 1650 illico
1329 1593 1502 1669 amnatus,
1515 1602 1604 1649 cum

540 1697 662 1794 paucis
673 1695 855 1768 sociorum
868 1693 954 1765 illuc
972 1693 1028 1765 via
1046 1718 1154 1793 opaca
1171 1692 1335 1783 tendenS,
1354 1693 1598 1793 conspicatus,

537 1812 726 1911 praemissis
755 1808 970 1907 quibusdam
995 1807 1168 1881 militibus
1188 1808 1273 1901 suis,
1291 1810 1367 1906 jam
1386 1833 1600 1907 percussum

537 1926 639 2000 illum
662 1926 843 2012 cecidisse,
877 1949 1011 2022 equum
1040 1923 1235 1997 calcaribus
1260 1950 1399 2021 urgens,
1434 1926 1539 1997 irruit
1561 1926 1598 1997 in

419 2135 426 2150 ι
537 2064 634 2130 eum,
666 2054 702 2111 et
729 2037 897 2110 audacter
924 2035 1043 2132 gladio
1068 2038 1279 2135 percutiens,
1309 2036 1438 2109 lethale
1465 2036 1600 2110 vulnus

535 2153 674 2249 infligit,
693 2175 761 2224 nec
777 2151 844 2223 nisi
861 2148 1114 2248 prohiberetur
1130 2149 1362 2247 repetendum
1380 2152 1485 2224 soret.
1500 2156 1599 2251 Cap·

533 2283 592 2340 tus
614 2269 732 2365 itaque
751 2281 787 2339 ct
806 2265 852 2337 ad
875 2280 1028 2337 mortem
1045 2265 1232 2359 sauciatuS,
1251 2266 1395 2363 regique
1409 2266 1596 2341 Ludovico

532 2398 777 2483 praesentatus,
796 2383 872 2479 ejus
888 2380 1038 2479 imperio
1057 2381 1283 2471 Lauduuum,
1309 2382 1413 2455 laude
1427 2385 1595 2455 omnium

531 2499 605 2571 fere
621 2515 658 2572 et
673 2523 819 2571 suorum
829 2512 865 2569 et
878 2510 1097 2585 nostrorum,
1109 2511 1160 2568 est
1171 2496 1390 2595 deportatus.
1412 2502 1594 2597 Sequente

529 2632 649 2687 autem
665 2615 738 2705 die,
759 2612 940 2712 publicata
955 2626 1051 2683 terra
1066 2612 1172 2711 plana
1186 2612 1278 2709 ejus⁸
1294 2614 1479 2712 ruptisque
1497 2630 1593 2711 stag-

530 2731 598 2822 nis,
629 2731 713 2828 quia
738 2728 928 2800 dominum
959 2742 1060 2799 terrae
1091 2725 1249 2799 habebat
1274 2724 1396 2801 terne*
1421 2753 1590 2828 parcens,

529 2845 743 2919 laudunum
756 2868 933 2941 regressus
948 2842 1117 2915 dominus
1130 2868 1191 2917 rex
1208 2843 1410 2917 Ludovicus
1423 2848 1446 2935 ⁸,
1465 2846 1589 2919 homi-

526 2987 611 3033 nem
637 2960 920 3059 perditissimum
936 2984 1002 3030 nec
1021 2958 1241 3050 vulneribus,
1261 2984 1327 3032 nec
1347 2986 1501 3051 carcere,
1521 2988 1590 3036 nec

527 3078 645 3163 minis,
664 3101 731 3148 nec
746 3100 852 3174 prece
875 3074 922 3146 ad
954 3073 1195 3147 redditionem
1218 3090 1471 3163 mercatorum,
1492 3104 1586 3176 quos

525 3194 615 3263 mira
631 3190 837 3290 proditione
854 3190 891 3260 in
913 3189 1094 3262 conductu
1118 3191 1287 3289 spoliatos
1309 3192 1480 3265 omuibus
1510 3196 1584 3267 suis

524 3332 664 3380 carcere
679 3305 874 3393 detinebat,
895 3328 1022 3401 cogere
1038 3304 1192 3378 valebat.
1212 3307 1281 3394 Qui
1296 3332 1380 3380 cum
1392 3309 1584 3407 conjugem

520 3448 565 3495 er
588 3423 682 3520 regia
704 3422 940 3520 permissione
965 3420 1032 3493 sibi
1048 3423 1240 3515 ascivisset,
1258 3425 1368 3521 magis
1390 3426 1583 3501 videbatur

522 3539 568 3612 de
588 3553 845 3629 mercatorum,
863 3538 927 3636 qui
941 3536 1042 3611 abeo
1051 3538 1295 3633 exigebantur,
1314 3542 1484 3638 quamde
1502 3546 1581 3617 vitae

520 3655 710 3727 amissione
731 3653 866 3726 dolere,
886 3656 1050 3752 Cumque
1062 3655 1138 3752 jam
1152 3656 1337 3754 plagarum
1353 3656 1479 3733 dolore
1498 3686 1580 3757 gra·

519 3772 663 3844 vissimo
681 3795 772 3870 pene
787 3770 833 3843 ad
858 3785 1015 3843 mortem
1043 3772 1269 3863 constrictus,
1292 3776 1450 3847 amultis
1470 3778 1579 3850 ctiam

517 3887 682 3961 confiteri
697 3902 733 3959 et
750 3888 919 3959 viaticum
939 3878 1117 3984 suscipere
1132 3903 1331 3983 rogaretur,
1352 3892 1410 3963 vix
1425 3917 1579 3967 conces-

517 4005 576 4077 sit.
605 4006 697 4075 Cum
713 4017 833 4075 autem
850 4025 982 4100 corpus
1008 4003 1152 4075 Domini
1179 4029 1288 4077 manu
1316 4007 1510 4081 sacerdotis
1539 4012 1574 4084 in

450 4273 452 4276 Ι
559 4302 644 4361 1.ttt
659 4302 766 4360 tenu.
780 4330 820 4344 -
835 4298 972 4359 ubtrusas
985 4298 1034 4358 alii
1049 4300 1137 4361 codd.
1152 4321 1186 4361 ac
1200 4303 1269 4363 edd.

556 4400 587 4456 2.
601 4400 663 4453 Rex
677 4395 786 4465 tetro,
799 4394 851 4453 sed
862 4392 948 4451 male.
970 4424 1010 4441 ·-
1020 4398 1050 4454 3.
1066 4398 1105 4453 Ei
1117 4394 1159 4456 id.
1174 4400 1241 4457 cod.

555 4493 586 4550 11.
603 4493 693 4547 Terre
706 4488 786 4548 deest
797 4486 827 4546 in
841 4488 909 4550 eod.
922 4489 988 4549 cod.
999 4492 1078 4554 -ῢ,
1093 4494 1248 4551 ludovicus
1263 4493 1358 4558 omitt.
1377 4496 1407 4557 in
1419 4499 1486 4559 eod.
1502 4502 1568 4561 cod.
