3742 5667
619 772 681 831 ΠΕ
700 773 753 831 DE
772 774 884 833 Lotus
904 774 951 831 LE
970 773 1080 835 GROS.
1322 774 1378 831 tor

315 908 408 979 tium
431 908 713 979 Sarracenorum
740 908 895 1005 impetus
922 904 1159 977 munitissima
1185 906 1307 978 civitas
1326 934 1336 997 ;
1358 928 1380 978 a
1499 948 1503 953 ·

313 1022 468 1095 domino
481 1046 579 1119 rege,
592 1022 766 1120 quiajam
778 1021 973 1097 adventum
990 1022 1066 1118 ejus
1079 1019 1254 1113 audierat,
1271 1021 1380 1095 desti·

312 1142 392 1215 nati
405 1140 577 1214 mandata
587 1138 836 1239 deposuimus,
853 1139 950 1213 diem
966 1152 1102 1211 certam
1120 1138 1312 1236 locumque
1325 1139 1382 1211 Vi-

313 1256 450 1329 ziliaci¹
470 1257 588 1331 mutui
605 1256 789 1354 colloquii,
805 1280 889 1328 cum
900 1247 991 1353 'ejus
1006 1252 1273 1344 benedictione,
1297 1256 1379 1352 quia
1506 1302 1514 1325 .

313 1374 417 1471 regni
436 1374 613 1472 primitias
624 1371 883 1463 obtuleramus,
903 1385 1085 1467 gratanter
1101 1371 1375 1470 reportavimus.

312 1490 380 1562 Cui
389 1514 477 1562 cum
489 1490 660 1563 dominus
672 1515 735 1561 rex
747 1512 938 1561 occurrere
952 1502 1161 1579 maturaret,
1177 1488 1381 1561 nuntiatum

312 1622 368 1679 cst
383 1605 543 1680 euirdem
572 1630 754 1677 summum
781 1603 1006 1702 pontificem,
1036 1602 1230 1702 podagrico
1251 1602 1381 1676 morbo

313 1722 380 1795 diu
393 1722 636 1815 laborantem,
654 1739 729 1795 tam
747 1721 916 1794 Romanis
930 1744 1041 1819 quam
1060 1720 1204 1791 Francis
1219 1720 1300 1792 ritae
1316 1720 1391 1793 de··
1474 1724 1476 1729 ’

313 1840 497 1937 positione
519 1838 719 1937 pepercisse
727 1840 750 1906 ¹.
770 1838 879 1934 Cujus
896 1835 1105 1935 apostolicis
1125 1836 1281 1933 exequiis
1298 1862 1381 1909 cum

315 1955 421 2027 multi
444 1954 695 2049 religiosorum
721 1954 883 2025 virorum
912 1969 950 2026 et
966 1952 1129 2026 Ecclesiae
1154 1952 1381 2050 prelatorum

315 2072 488 2142 interesse
528 2069 777 2159 festinassent,
834 2069 945 2141 astitit
976 2070 1137 2148 virorum
1170 2067 1381 2141 venerabilis

315 2185 452 2259 Guido'
469 2186 681 2257 Viennensis
695 2184 999 2283 archiepiscopus,
1019 2183 1212 2282 imperialis
1229 2200 1265 2255 et
1278 2185 1382 2281 regiae

291 2346 294 2349 ·
317 2300 539 2374 celsitudinis
577 2300 765 2373 dirivativa
809 2301 1117 2396 consanguinitate
1167 2322 1378 2394 generosus,

317 2417 433 2489 multo
447 2417 653 2512 generosior
672 2416 837 2490 moribus
849 2446 859 2507 3
871 2416 935 2514 qui
948 2440 1033 2488 cum
1050 2416 1086 2487 in
1106 2416 1241 2488 somnis
1254 2416 1377 2514 proxi-

316 2556 374 2604 ma
389 2548 511 2624 nocte,
540 2547 626 2631 apto
648 2534 733 2605 satis
753 2533 860 2605 licet*
876 2532 999 2627 ignoto
1026 2532 1210 2629 praesagio,
1234 2532 1382 2605 vidisset

316 2646 381 2718 sibi
401 2671 592 2746 apersona
604 2663 826 2748 praepotente
837 2648 962 2719 lunam
979 2644 1045 2718 sub
1062 2646 1252 2744 chlamyde
1273 2672 1380 2746 repo-

317 2764 421 2836 sitam
439 2764 632 2853 committi,
656 2789 703 2837 ne
720 2788 826 2836 causa
841 2761 1003 2835 Ecclesiae
1021 2762 1213 2860 apostolici
1231 2764 1382 2835 transitu

317 2879 602 2977 periclitaretur,
623 2878 672 2951 ab
695 2905 736 2953 ea
756 2904 835 2977 quae
858 2878 982 2950 aderat
1007 2903 1157 2950 romana
1177 2877 1323 2950 ecclesia
1344 2879 1380 2949 in

316 3018 503 3067 summum
516 2995 726 3093 pontificem
746 2995 909 3087 electus',
929 2996 1076 3068 visionis
1095 2996 1282 3067 veritatem
1296 3020 1382 3067 enu-

316 3109 466 3183 cleatius
488 3111 752 3185 animadvertit.
772 3112 992 3184 Sublimatus
1008 3112 1129 3209 itaque
1153 3126 1261 3183 tantae
1278 3110 1380 3183 celsi-

318 3225 454 3300 tudinis
467 3227 651 3325 dignitate,
669 3228 836 3324 gloriose,
860 3228 1057 3319 humiliter,
1082 3227 1144 3299 sed
1161 3242 1305 3301 strenue
1318 3231 1382 3297 Ec·

317 3341 430 3414 clesiae
448 3344 532 3439 jura
550 3343 757 3443 disponens,
782 3367 908 3416 amore
928 3359 966 3416 et
986 3343 1132 3417 servitio
1154 3343 1292 3415 domini
1315 3346 1382 3414 Lu·

318 3456 438 3531 dorici
454 3459 547 3558 regis
559 3474 595 3533 et
608 3459 739 3533 nobilis
766 3459 940 3532 adelaidis
970 3462 1100 3555 reginae
1127 3460 1244 3558 neptis
1259 3456 1376 3559 [suael'

318 3576 436 3673 aptius
450 3578 693 3651 ecclesiasticis
703 3576 921 3675 providebat
934 3577 1095 3674 negotiis.

365 3694 487 3764 Remis
503 3695 623 3791 itaque
645 3693 920 3766 celeberrimum
944 3692 1128 3765 celebrans
1146 3692 1341 3764 concilium
1353 3694 1377 3784 ⁷,

319 3832 402 3880 cum
432 3808 555 3904 legatis
579 3810 805 3908 imperatoris
827 3810 984 3900 Henrici,
1011 3833 1081 3907 pro
1106 3832 1194 3907 pace
1209 3807 1371 3881 Ecclesiae

358 4051 388 4108 t.
404 4050 489 4106 runc
501 4050 625 4117 75ou
636 4044 771 4127 (rom).
787 4050 868 4111 -a
882 4050 967 4107 anno
980 4052 1069 4121 itte,
1084 4046 1130 4108 die
1138 4046 1202 4129 jan.
1217 4050 1266 4110 aa.

360 4144 389 4203 3.
405 4146 450 4204 W
447 4143 515 4198 uitio
530 4142 642 4202 l2710.
662 4172 703 4187 -
724 4142 755 4200 l.
774 4148 856 4201 Licet
867 4150 940 4199 sutis
954 4145 1064 4203 tritt.

361 4238 389 4294 5.
406 4233 462 4294 Die
481 4233 609 4293 secunda
630 4233 734 4293 mensis
752 4232 901 4309 februarii,
917 4255 966 4296 an.
984 4238 1072 4311 1119,
1095 4234 1202 4296 electus
1215 4247 1258 4295 est
1272 4235 1380 4309 Gnido,

325 4326 446 4388 eatinus
456 4330 484 4387 ll
496 4340 626 4387 vocatus.

362 4424 390 4481 6.
405 4426 466 4481 Sue
479 4422 556 4481 inter
566 4422 687 4482 uncinm
699 4422 810 4481 addunt
819 4422 1012 4486 benedictini.

363 4521 391 4575 7.
408 4513 460 4574 Die
471 4514 609 4575 vicesima
623 4514 750 4576 octobris
762 4512 891 4596 ejusdem
905 4514 984 4575 anni.
