3742 5667
490 801 547 858 138
702 796 866 855 OEUVRBS
886 785 1102 854 COMPLETES
1122 796 1173 853 DE
1193 794 1327 856 SUGER.

489 930 720 1032 cooperando
757 928 969 1001 immolavit.
1010 928 1122 999 Finita
1146 952 1231 1001 vero
1261 927 1383 1020 missa,
1421 928 1562 1003 erectis

490 1050 526 1121 in
552 1048 706 1121 claustro
727 1045 841 1144 palliis
864 1058 976 1117 strato
997 1044 1143 1133 mensis,
1164 1043 1387 1117 materialem
1413 1067 1559 1142 agnum

489 1180 660 1262 tanquam
696 1163 808 1235 thoris
836 1159 1029 1233 accubitati
1057 1173 1218 1251 sumunt,
1257 1174 1384 1231 cetera
1415 1158 1559 1233 nobilis

490 1304 619 1353 mensae
641 1277 772 1351 fercula
791 1290 965 1349 consueto
980 1299 1084 1349 more
1102 1276 1311 1374 suscipiunt.
1339 1275 1410 1349 Sed
1429 1291 1465 1348 et
1489 1301 1557 1349 se-

489 1411 621 1493 quente
637 1394 696 1466 die
714 1393 866 1467 eandem
881 1391 928 1464 ab
941 1392 1089 1465 ecclesia
1104 1392 1216 1465 sancti
1232 1391 1379 1487 Remigii
1396 1390 1442 1463 ad
1451 1393 1559 1490 prin-

488 1512 640 1612 cipalem
664 1512 889 1609 reciprocant
904 1510 1185 1609 processionem.
1204 1510 1401 1581 Transactis
1426 1510 1555 1606 itaque

488 1628 604 1702 tribus
619 1643 701 1726 post
718 1626 850 1699 Pascha
868 1624 1012 1716 diebus,
1031 1650 1116 1698 cum
1136 1625 1331 1720 gratiarum
1355 1624 1494 1697 actione
1510 1638 1555 1696 et

487 1743 609 1816 auxilii
628 1758 665 1814 et
680 1740 821 1814 consilii
835 1742 1073 1840 promissione
1102 1741 1276 1813 Parisium
1301 1741 1551 1813 transmeavit.

489 1858 624 1931 Exinde
648 1858 844 1931 Galliarum
866 1857 1031 1930 ecclesias
1057 1855 1249 1945 visitando,
1285 1854 1394 1929 etde
1424 1880 1553 1928 earum

487 1976 592 2074 copia
607 1975 735 2073 inopiae
748 1997 819 2044 suae
840 1972 1020 2045 delectum
1045 1972 1259 2071 supplendo,
1289 1996 1373 2043 cum
1391 1996 1455 2069 per
1474 1987 1551 2043 ter-

486 2116 565 2165 ram
580 2090 835 2189 aliquantisper
846 2086 1121 2181 deambulasset,
1137 2086 1351 2187 Compendii
1365 2087 1550 2161 demorari

486 2205 601 2301 elegit.

534 2324 676 2394 Interea
702 2322 853 2416 contigit
881 2320 1060 2416 singulare
1090 2335 1126 2393 et
1160 2319 1308 2392 ulterius
1339 2318 1547 2391 inauditum

484 2439 641 2511 Franciae
662 2438 762 2533 regni
789 2436 1042 2509 infortunium.
1070 2436 1173 2533 Regis
1189 2436 1289 2509 enim
1306 2436 1478 2509 Ludovici
1497 2434 1546 2507 fi-

486 2555 566 2646 lius,
589 2553 740 2626 floridus
761 2568 797 2626 et
822 2578 985 2625 amoenus
1011 2578 1114 2652 puer,
1145 2552 1340 2650 Philippus,
1364 2551 1549 2623 bonorum

484 2695 577 2767 spes,
605 2670 785 2765 timorque
807 2668 1001 2759 malornm,
1020 2693 1105 2742 cum
1122 2668 1281 2766 quadam
1298 2666 1360 2739 die
1375 2691 1440 2767 per
1455 2667 1542 2739 civi-

485 2785 565 2859 tatis
579 2784 781 2857 Parisiensis
792 2784 1009 2857 suburbium
1024 2786 1212 2883 equitaret,
1223 2784 1333 2857 obvio
1345 2808 1460 2882 porco
1474 2782 1547 2857 dia-

483 2898 602 2971 bolico
612 2900 770 2972 offensus
783 2924 897 2996 equus
910 2901 1118 2995 gravissime
1133 2899 1276 2990 cecidit,
1296 2924 1544 2997 sessoremque

484 3039 590 3087 suum
605 3014 866 3087 nobilissimum
881 3041 1033 3115 puerum
1044 3017 1140 3089 silice
1152 3031 1432 3101 consternatum,
1446 3016 1542 3088 mole

484 3131 655 3229 ponderis
665 3132 720 3203 sui
733 3133 998 3219 conculcatum,
1017 3133 1195 3205 contrivit.
1217 3135 1299 3219 Quo
1318 3130 1444 3204 dolore
1459 3131 1546 3202 civi-

484 3260 538 3317 tas
561 3262 598 3319 et
611 3247 830 3345 quicumque
843 3248 1035 3320 audierunt
1052 3249 1266 3320 consternati
1285 3246 1348 3344 (ea
1364 3247 1542 3345 siquidem

485 3361 543 3433 die
566 3364 762 3437 exercitum
783 3364 830 3437 ad
858 3363 1124 3463 expeditionem
1149 3362 1353 3459 asciverat),
1368 3362 1543 3435 vocifera·

485 3476 631 3568 bantur,
645 3479 781 3552 flebant
796 3494 830 3553 et
842 3480 1036 3578 ejulabant,
1048 3482 1284 3553 tenerrimum
1298 3479 1543 3575 recolligentes

482 3617 637 3692 puerum
660 3620 750 3693 pene
772 3598 982 3687 extinctum,
1008 3596 1045 3667 in
1070 3598 1290 3695 proximam¹
1315 3594 1466 3668 domum
1484 3618 1543 3667 re-

481 3721 639 3804 portant.
662 3710 773 3780 Nocte
797 3733 884 3781 vero
911 3710 1077 3799 instante,
1105 3707 1200 3805 proh
1229 3706 1352 3780 dolor!
1374 3706 1543 3804 spiritum

484 3821 671 3895 exhalavit.
697 3827 860 3911 Quantus
875 3840 996 3898 autem
1012 3840 1049 3898 et
1066 3849 1176 3923 quam
1194 3821 1369 3895 mirabilis
1385 3819 1539 3894 doloret

483 3936 601 4010 luctus
619 3953 760 4037 patrem
776 3955 812 4012 et
829 3956 980 4013 matrem
994 3957 1029 4013 et
1041 3941 1140 4037 regni
1158 3941 1348 4038 optimates
1365 3936 1538 4028 allecerit,

480 4076 547 4124 nec
566 4053 641 4152 ipse
657 4058 834 4129 Homerus
846 4053 994 4129 elicere²
1011 4056 1204 4131 sufficeret.
1225 4060 1276 4128 Eo
1295 4069 1417 4127 autem
1430 4054 1467 4125 in
1483 4076 1544 4125 ec-

523 4341 604 4396 Mn
618 4337 780 4413 proximam
790 4336 858 4397 edd.
872 4334 980 4398 Chesn.
999 4350 1028 4397 et
1043 4335 1192 4397 Benedict.
1210 4370 1251 4382 -
1270 4340 1436 4397 Proximam
1454 4330 1540 4391 oodd.

484 4450 519 4489 ac
532 4429 603 4490 edit.
619 4431 718 4489 Germ.

527 4528 557 4587 2.
572 4527 674 4583 Dicere
684 4524 752 4584 edd.
765 4559 805 4571 -
818 4529 933 4585 Elicere
945 4523 1056 4585 laudati
1068 4526 1155 4585 codd.
