<?xml version="1.0" encoding="UTF-8"?>
<!DOCTYPE html PUBLIC "-//W3C//DTD XHTML 1.0 Transitional//EN"
    "http://www.w3.org/TR/xhtml1/DTD/xhtml1-transitional.dtd">
<html xmlns="http://www.w3.org/1999/xhtml" xml:lang="en" lang="en">
 <head>
  <title>
</title>
<meta http-equiv="Content-Type" content="text/html;charset=utf-8" />
  <meta name='ocr-system' content='tesseract 3.04.00' />
  <meta name='ocr-capabilities' content='ocr_page ocr_carea ocr_par ocr_line ocrx_word'/>
</head>
<body>
  <div class='ocr_page' id='page_1' title='image "./oeuvrescompltes00sugegoog_0141.png"; bbox 0 0 3742 5667; ppageno 0'>
   <div class='ocr_carea' id='block_1_1' title="bbox 613 795 1377 861">
    <p class='ocr_par' dir='ltr' id='par_1_1' title="bbox 613 795 1377 861">
     <span class='ocr_line' id='line_1_1' title="bbox 613 795 1377 861; baseline 0.01 -9"><span class='ocrx_word' id='word_1_1' title='bbox 613 796 677 852; x_wconf 78' lang='lat' dir='ltr'><strong>vtn</strong></span> <span class='ocrx_word' id='word_1_2' title='bbox 699 797 748 853; x_wconf 84' lang='lat' dir='ltr'><strong>DE</strong></span> <span class='ocrx_word' id='word_1_3' title='bbox 767 795 877 854; x_wconf 76' lang='lat' dir='ltr'><strong>Lotus</strong></span> <span class='ocrx_word' id='word_1_4' title='bbox 897 796 945 854; x_wconf 84' lang='lat' dir='ltr'><strong>LE</strong></span> <span class='ocrx_word' id='word_1_5' title='bbox 965 797 1073 857; x_wconf 83' lang='lat' dir='ltr'><strong>GROS.</strong></span> <span class='ocrx_word' id='word_1_6' title='bbox 1320 803 1377 861; x_wconf 75' lang='grc'><strong>105</strong></span> 
     </span>
    </p>
   </div>
   <div class='ocr_carea' id='block_1_2' title="bbox 315 926 1382 3923">
    <p class='ocr_par' dir='ltr' id='par_1_2' title="bbox 315 926 1382 3923">
     <span class='ocr_line' id='line_1_2' title="bbox 319 926 1378 1031; baseline 0.002 -28"><span class='ocrx_word' id='word_1_7' title='bbox 319 928 561 1029; x_wconf 76' lang='lat' dir='ltr'><strong>incompositi,</strong></span> <span class='ocrx_word' id='word_1_8' title='bbox 588 926 869 1001; x_wconf 81' lang='lat' dir='ltr'><strong>exnaordinarie</strong></span> <span class='ocrx_word' id='word_1_9' title='bbox 899 928 1072 1003; x_wconf 87' lang='lat' dir='ltr'><strong>ordinatis</strong></span> <span class='ocrx_word' id='word_1_10' title='bbox 1105 947 1141 1003; x_wconf 86' lang='lat' dir='ltr'><strong>et</strong></span> <span class='ocrx_word' id='word_1_11' title='bbox 1173 935 1378 1031; x_wconf 89' lang='lat' dir='ltr'><strong>compositis</strong></span> 
     </span>
     <span class='ocr_line' id='line_1_3' title="bbox 319 1043 1376 1142; baseline 0.004 -25"><span class='ocrx_word' id='word_1_12' title='bbox 319 1043 464 1117; x_wconf 84' lang='lat' dir='ltr'><strong>aciebus</strong></span> <span class='ocrx_word' id='word_1_13' title='bbox 491 1044 705 1134; x_wconf 78' lang='lat' dir='ltr'><strong>insistentes,</strong></span> <span class='ocrx_word' id='word_1_14' title='bbox 743 1044 834 1117; x_wconf 88' lang='lat' dir='ltr'><strong>sicut</strong></span> <span class='ocrx_word' id='word_1_15' title='bbox 865 1068 903 1116; x_wconf 90' lang='lat' dir='ltr'><strong>se</strong></span> <span class='ocrx_word' id='word_1_16' title='bbox 933 1070 990 1117; x_wconf 90' lang='lat' dir='ltr'><strong>res</strong></span> <span class='ocrx_word' id='word_1_17' title='bbox 1018 1046 1055 1117; x_wconf 92' lang='lat' dir='ltr'><strong>in</strong></span> <span class='ocrx_word' id='word_1_18' title='bbox 1095 1046 1225 1120; x_wconf 87' lang='lat' dir='ltr'><strong>talibus</strong></span> <span class='ocrx_word' id='word_1_19' title='bbox 1254 1048 1376 1142; x_wconf 91' lang='lat' dir='ltr'><strong>habet,</strong></span> 
     </span>
     <span class='ocr_line' id='line_1_4' title="bbox 317 1159 1376 1259; baseline 0.004 -26"><span class='ocrx_word' id='word_1_20' title='bbox 317 1184 445 1233; x_wconf 86' lang='lat' dir='ltr'><strong>eorum</strong></span> <span class='ocrx_word' id='word_1_21' title='bbox 471 1159 711 1259; x_wconf 73' lang='lat' dir='ltr'><strong>compositam</strong></span> <span class='ocrx_word' id='word_1_22' title='bbox 741 1160 943 1233; x_wconf 77' lang='lat' dir='ltr'><strong>instantiam</strong></span> <span class='ocrx_word' id='word_1_23' title='bbox 983 1160 1077 1233; x_wconf 87' lang='lat' dir='ltr'><strong>serre</strong></span> <span class='ocrx_word' id='word_1_24' title='bbox 1103 1187 1178 1235; x_wconf 94' lang='lat' dir='ltr'><strong>non</strong></span> <span class='ocrx_word' id='word_1_25' title='bbox 1202 1164 1376 1258; x_wconf 86' lang='lat' dir='ltr'><strong>valentes,</strong></span> 
     </span>
     <span class='ocr_line' id='line_1_5' title="bbox 317 1275 1376 1375; baseline 0.004 -27"><span class='ocrx_word' id='word_1_26' title='bbox 317 1278 534 1349; x_wconf 81' lang='lat' dir='ltr'><strong>oessemnt¹.</strong></span> <span class='ocrx_word' id='word_1_27' title='bbox 562 1279 635 1348; x_wconf 77' lang='lat' dir='ltr'><strong>Rex</strong></span> <span class='ocrx_word' id='word_1_28' title='bbox 655 1290 777 1348; x_wconf 88' lang='lat' dir='ltr'><strong>autem</strong></span> <span class='ocrx_word' id='word_1_29' title='bbox 791 1275 931 1375; x_wconf 89' lang='lat' dir='ltr'><strong>lapsum</strong></span> <span class='ocrx_word' id='word_1_30' title='bbox 954 1275 1151 1350; x_wconf 89' lang='lat' dir='ltr'><strong>admiratus</strong></span> <span class='ocrx_word' id='word_1_31' title='bbox 1168 1280 1376 1373; x_wconf 84' lang='lat' dir='ltr'><strong>exercitum,</strong></span> 
     </span>
     <span class='ocr_line' id='line_1_6' title="bbox 317 1390 1380 1479; baseline 0.002 -14"><span class='ocrx_word' id='word_1_32' title='bbox 317 1408 357 1465; x_wconf 91' lang='lat' dir='ltr'><strong>ut</strong></span> <span class='ocrx_word' id='word_1_33' title='bbox 376 1406 613 1465; x_wconf 83' lang='lat' dir='ltr'><strong>consueverat</strong></span> <span class='ocrx_word' id='word_1_34' title='bbox 630 1392 668 1464; x_wconf 92' lang='lat' dir='ltr'><strong>in</strong></span> <span class='ocrx_word' id='word_1_35' title='bbox 692 1390 862 1479; x_wconf 87' lang='lat' dir='ltr'><strong>adversis,</strong></span> <span class='ocrx_word' id='word_1_36' title='bbox 886 1395 1125 1467; x_wconf 83' lang='lat' dir='ltr'><strong>constantiam</strong></span> <span class='ocrx_word' id='word_1_37' title='bbox 1145 1398 1200 1467; x_wconf 81' lang='lat' dir='ltr'><strong>sui</strong></span> <span class='ocrx_word' id='word_1_38' title='bbox 1218 1420 1380 1467; x_wconf 87' lang='lat' dir='ltr'><strong>suorum-</strong></span> 
     </span>
     <span class='ocr_line' id='line_1_7' title="bbox 316 1508 1377 1610; baseline 0.004 -31"><span class='ocrx_word' id='word_1_39' title='bbox 316 1533 387 1607; x_wconf 90' lang='lat' dir='ltr'><strong>que</strong></span> <span class='ocrx_word' id='word_1_40' title='bbox 403 1508 570 1607; x_wconf 73' lang='lat' dir='ltr'><strong>praesidio</strong></span> <span class='ocrx_word' id='word_1_41' title='bbox 585 1509 695 1581; x_wconf 90' lang='lat' dir='ltr'><strong>armis</strong></span> <span class='ocrx_word' id='word_1_42' title='bbox 707 1508 908 1601; x_wconf 88' lang='lat' dir='ltr'><strong>consulens,</strong></span> <span class='ocrx_word' id='word_1_43' title='bbox 921 1534 1033 1607; x_wconf 89' lang='lat' dir='ltr'><strong>quam</strong></span> <span class='ocrx_word' id='word_1_44' title='bbox 1045 1508 1229 1583; x_wconf 84' lang='lat' dir='ltr'><strong>decentius</strong></span> <span class='ocrx_word' id='word_1_45' title='bbox 1247 1526 1377 1610; x_wconf 88' lang='lat' dir='ltr'><strong>potest,</strong></span> 
     </span>
     <span class='ocr_line' id='line_1_8' title="bbox 316 1624 1376 1720; baseline 0.004 -25"><span class='ocrx_word' id='word_1_46' title='bbox 316 1648 390 1695; x_wconf 83' lang='lat' dir='ltr'><strong>rron</strong></span> <span class='ocrx_word' id='word_1_47' title='bbox 406 1639 530 1697; x_wconf 86' lang='lat' dir='ltr'><strong>tamen</strong></span> <span class='ocrx_word' id='word_1_48' title='bbox 549 1624 626 1696; x_wconf 90' lang='lat' dir='ltr'><strong>sine</strong></span> <span class='ocrx_word' id='word_1_49' title='bbox 645 1648 775 1720; x_wconf 84' lang='lat' dir='ltr'><strong>magno</strong></span> <span class='ocrx_word' id='word_1_50' title='bbox 793 1625 934 1697; x_wconf 83' lang='lat' dir='ltr'><strong>erratici</strong></span> <span class='ocrx_word' id='word_1_51' title='bbox 949 1626 1124 1697; x_wconf 84' lang='lat' dir='ltr'><strong>exercitus</strong></span> <span class='ocrx_word' id='word_1_52' title='bbox 1145 1626 1376 1718; x_wconf 90' lang='lat' dir='ltr'><strong>detrimento,</strong></span> 
     </span>
     <span class='ocr_line' id='line_1_9' title="bbox 315 1738 1379 1828; baseline 0.004 -17"><span class='ocrx_word' id='word_1_53' title='bbox 315 1738 549 1813; x_wconf 76' lang='lat' dir='ltr'><strong>Andeliacum</strong></span> <span class='ocrx_word' id='word_1_54' title='bbox 582 1740 754 1813; x_wconf 82' lang='lat' dir='ltr'><strong>remeavit</strong></span> <span class='ocrx_word' id='word_1_55' title='bbox 775 1739 799 1813; x_wconf 73' lang='lat'><strong>³.</strong></span> <span class='ocrx_word' id='word_1_56' title='bbox 827 1743 909 1828; x_wconf 91' lang='lat' dir='ltr'><strong>Quo</strong></span> <span class='ocrx_word' id='word_1_57' title='bbox 932 1740 1044 1815; x_wconf 88' lang='lat' dir='ltr'><strong>subiti</strong></span> <span class='ocrx_word' id='word_1_58' title='bbox 1067 1739 1244 1815; x_wconf 87' lang='lat' dir='ltr'><strong>adventus</strong></span> <span class='ocrx_word' id='word_1_59' title='bbox 1269 1743 1379 1815; x_wconf 80' lang='lat' dir='ltr'><strong>infor·</strong></span> 
     </span>
     <span class='ocr_line' id='line_1_10' title="bbox 316 1855 1379 1956; baseline 0 -27"><span class='ocrx_word' id='word_1_60' title='bbox 316 1857 419 1931; x_wconf 91' lang='lat' dir='ltr'><strong>tunio</strong></span> <span class='ocrx_word' id='word_1_61' title='bbox 436 1856 693 1956; x_wconf 84' lang='lat' dir='ltr'><strong>aliquantisper</strong></span> <span class='ocrx_word' id='word_1_62' title='bbox 710 1855 855 1928; x_wconf 83' lang='lat' dir='ltr'><strong>levitate</strong></span> <span class='ocrx_word' id='word_1_63' title='bbox 872 1857 1020 1955; x_wconf 87' lang='lat' dir='ltr'><strong>propria</strong></span> <span class='ocrx_word' id='word_1_64' title='bbox 1040 1857 1156 1949; x_wconf 84' lang='lat' dir='ltr'><strong>laesus,</strong></span> <span class='ocrx_word' id='word_1_65' title='bbox 1176 1883 1223 1930; x_wconf 91' lang='lat' dir='ltr'><strong>ue</strong></span> <span class='ocrx_word' id='word_1_66' title='bbox 1244 1856 1379 1931; x_wconf 90' lang='lat' dir='ltr'><strong>diutius</strong></span> 
     </span>
     <span class='ocr_line' id='line_1_11' title="bbox 315 1972 1378 2070; baseline 0.003 -26"><span class='ocrx_word' id='word_1_67' title='bbox 315 1972 437 2045; x_wconf 89' lang='lat' dir='ltr'><strong>hostes</strong></span> <span class='ocrx_word' id='word_1_68' title='bbox 453 1973 638 2065; x_wconf 88' lang='lat' dir='ltr'><strong>insultent,</strong></span> <span class='ocrx_word' id='word_1_69' title='bbox 656 1988 827 2070; x_wconf 88' lang='lat' dir='ltr'><strong>tanquam</strong></span> <span class='ocrx_word' id='word_1_70' title='bbox 843 1972 872 2044; x_wconf 90' lang='lat' dir='ltr'><strong>si</strong></span> <span class='ocrx_word' id='word_1_71' title='bbox 887 1972 1034 2045; x_wconf 90' lang='lat' dir='ltr'><strong>ulterius</strong></span> <span class='ocrx_word' id='word_1_72' title='bbox 1051 1976 1309 2047; x_wconf 87' lang='lat' dir='ltr'><strong>Normanniam</strong></span> <span class='ocrx_word' id='word_1_73' title='bbox 1322 1976 1378 2047; x_wconf 91' lang='lat' dir='ltr'><strong>in·</strong></span> 
     </span>
     <span class='ocr_line' id='line_1_12' title="bbox 316 2087 1377 2181; baseline 0 -20"><span class='ocrx_word' id='word_1_74' title='bbox 316 2104 411 2161; x_wconf 87' lang='lat' dir='ltr'><strong>trare</strong></span> <span class='ocrx_word' id='word_1_75' title='bbox 426 2114 503 2161; x_wconf 93' lang='lat' dir='ltr'><strong>non</strong></span> <span class='ocrx_word' id='word_1_76' title='bbox 519 2087 662 2179; x_wconf 87' lang='lat' dir='ltr'><strong>audeat,</strong></span> <span class='ocrx_word' id='word_1_77' title='bbox 684 2088 789 2160; x_wconf 88' lang='lat' dir='ltr'><strong>solito</strong></span> <span class='ocrx_word' id='word_1_78' title='bbox 807 2088 920 2161; x_wconf 91' lang='lat' dir='ltr'><strong>multo</strong></span> <span class='ocrx_word' id='word_1_79' title='bbox 939 2090 1136 2162; x_wconf 86' lang='lat' dir='ltr'><strong>animosior</strong></span> <span class='ocrx_word' id='word_1_80' title='bbox 1151 2092 1189 2162; x_wconf 92' lang='lat' dir='ltr'><strong>in</strong></span> <span class='ocrx_word' id='word_1_81' title='bbox 1207 2089 1377 2181; x_wconf 85' lang='lat' dir='ltr'><strong>adversis,</strong></span> 
     </span>
     <span class='ocr_line' id='line_1_13' title="bbox 316 2204 1380 2302; baseline 0 -25"><span class='ocrx_word' id='word_1_82' title='bbox 316 2221 363 2289; x_wconf 88' lang='lat' dir='ltr'><strong>et,</strong></span> <span class='ocrx_word' id='word_1_83' title='bbox 382 2204 486 2302; x_wconf 90' lang='lat' dir='ltr'><strong>quod</strong></span> <span class='ocrx_word' id='word_1_84' title='bbox 505 2220 645 2278; x_wconf 89' lang='lat' dir='ltr'><strong>tantum</strong></span> <span class='ocrx_word' id='word_1_85' title='bbox 664 2205 827 2278; x_wconf 88' lang='lat' dir='ltr'><strong>virorum</strong></span> <span class='ocrx_word' id='word_1_86' title='bbox 842 2220 909 2295; x_wconf 90' lang='lat' dir='ltr'><strong>est,</strong></span> <span class='ocrx_word' id='word_1_87' title='bbox 928 2206 1163 2298; x_wconf 83' lang='lat' dir='ltr'><strong>constantior,</strong></span> <span class='ocrx_word' id='word_1_88' title='bbox 1185 2207 1380 2278; x_wconf 89' lang='lat' dir='ltr'><strong>exercitum</strong></span> 
     </span>
     <span class='ocr_line' id='line_1_14' title="bbox 315 2320 1380 2419; baseline -0.002 -25"><span class='ocrx_word' id='word_1_89' title='bbox 315 2337 474 2413; x_wconf 77' lang='lat' dir='ltr'><strong>revocat,</strong></span> <span class='ocrx_word' id='word_1_90' title='bbox 491 2321 657 2394; x_wconf 86' lang='lat' dir='ltr'><strong>absentes</strong></span> <span class='ocrx_word' id='word_1_91' title='bbox 670 2321 822 2411; x_wconf 89' lang='lat' dir='ltr'><strong>asciscit,</strong></span> <span class='ocrx_word' id='word_1_92' title='bbox 839 2321 1030 2419; x_wconf 90' lang='lat' dir='ltr'><strong>optimates</strong></span> <span class='ocrx_word' id='word_1_93' title='bbox 1046 2323 1145 2418; x_wconf 84' lang='lat' dir='ltr'><strong>regni</strong></span> <span class='ocrx_word' id='word_1_94' title='bbox 1164 2322 1300 2413; x_wconf 86' lang='lat' dir='ltr'><strong>invitat,</strong></span> <span class='ocrx_word' id='word_1_95' title='bbox 1320 2320 1380 2393; x_wconf 89' lang='lat' dir='ltr'><strong>die</strong></span> 
     </span>
     <span class='ocr_line' id='line_1_15' title="bbox 315 2436 1379 2512; baseline -0.002 -3"><span class='ocrx_word' id='word_1_96' title='bbox 315 2453 413 2510; x_wconf 85' lang='lat' dir='ltr'><strong>certa</strong></span> <span class='ocrx_word' id='word_1_97' title='bbox 442 2451 480 2509; x_wconf 90' lang='lat' dir='ltr'><strong>et</strong></span> <span class='ocrx_word' id='word_1_98' title='bbox 511 2453 647 2510; x_wconf 88' lang='lat' dir='ltr'><strong>terram</strong></span> <span class='ocrx_word' id='word_1_99' title='bbox 680 2437 814 2509; x_wconf 90' lang='lat' dir='ltr'><strong>intrare</strong></span> <span class='ocrx_word' id='word_1_100' title='bbox 832 2452 867 2508; x_wconf 89' lang='lat' dir='ltr'><strong>et</strong></span> <span class='ocrx_word' id='word_1_101' title='bbox 896 2451 1077 2509; x_wconf 88' lang='lat' dir='ltr'><strong>certamen</strong></span> <span class='ocrx_word' id='word_1_102' title='bbox 1107 2436 1379 2512; x_wconf 87' lang='lat' dir='ltr'><strong>celeberrimum</strong></span> 
     </span>
     <span class='ocr_line' id='line_1_16' title="bbox 316 2550 1380 2653; baseline 0.001 -31"><span class='ocrx_word' id='word_1_103' title='bbox 316 2552 404 2623; x_wconf 89' lang='lat' dir='ltr'><strong>inire</strong></span> <span class='ocrx_word' id='word_1_104' title='bbox 432 2553 511 2647; x_wconf 83' lang='lat' dir='ltr'><strong>regi</strong></span> <span class='ocrx_word' id='word_1_105' title='bbox 534 2552 729 2650; x_wconf 63' lang='lat' dir='ltr'><strong>anglorum</strong></span> <span class='ocrx_word' id='word_1_106' title='bbox 745 2550 942 2647; x_wconf 81' lang='lat' dir='ltr'><strong>significat3</strong></span> <span class='ocrx_word' id='word_1_107' title='bbox 967 2568 1002 2625; x_wconf 88' lang='lat' dir='ltr'><strong>et</strong></span> <span class='ocrx_word' id='word_1_108' title='bbox 1016 2552 1113 2651; x_wconf 91' lang='lat' dir='ltr'><strong>quod</strong></span> <span class='ocrx_word' id='word_1_109' title='bbox 1141 2553 1173 2624; x_wconf 90' lang='lat' dir='ltr'><strong>ei</strong></span> <span class='ocrx_word' id='word_1_110' title='bbox 1201 2552 1380 2653; x_wconf 85' lang='lat' dir='ltr'><strong>promittit</strong></span> 
     </span>
     <span class='ocr_line' id='line_1_17' title="bbox 316 2666 1380 2767; baseline 0.001 -29"><span class='ocrx_word' id='word_1_111' title='bbox 316 2682 490 2765; x_wconf 88' lang='lat' dir='ltr'><strong>tanquam</strong></span> <span class='ocrx_word' id='word_1_112' title='bbox 503 2668 737 2767; x_wconf 81' lang='lat' dir='ltr'><strong>jurejurando</strong></span> <span class='ocrx_word' id='word_1_113' title='bbox 757 2682 904 2767; x_wconf 86' lang='lat' dir='ltr'><strong>pactum</strong></span> <span class='ocrx_word' id='word_1_114' title='bbox 926 2666 1130 2767; x_wconf 90' lang='lat' dir='ltr'><strong>persolvere</strong></span> <span class='ocrx_word' id='word_1_115' title='bbox 1155 2667 1309 2740; x_wconf 83' lang='lat' dir='ltr'><strong>festinat.</strong></span> <span class='ocrx_word' id='word_1_116' title='bbox 1330 2672 1380 2739; x_wconf 90' lang='lat' dir='ltr'><strong>Ir-</strong></span> 
     </span>
     <span class='ocr_line' id='line_1_18' title="bbox 316 2783 1379 2881; baseline -0.002 -26"><span class='ocrx_word' id='word_1_117' title='bbox 316 2785 611 2881; x_wconf 87' lang='lat' dir='ltr'><strong>rueussiqnidem</strong></span> <span class='ocrx_word' id='word_1_118' title='bbox 624 2785 661 2856; x_wconf 90' lang='lat' dir='ltr'><strong>iu</strong></span> <span class='ocrx_word' id='word_1_119' title='bbox 674 2785 945 2875; x_wconf 83' lang='lat' dir='ltr'><strong>Normanniam,</strong></span> <span class='ocrx_word' id='word_1_120' title='bbox 962 2783 1119 2856; x_wconf 86' lang='lat' dir='ltr'><strong>mirabili</strong></span> <span class='ocrx_word' id='word_1_121' title='bbox 1131 2784 1287 2856; x_wconf 84' lang='lat' dir='ltr'><strong>exercitu</strong></span> <span class='ocrx_word' id='word_1_122' title='bbox 1300 2806 1379 2855; x_wconf 89' lang='lat' dir='ltr'><strong>earn</strong></span> 
     </span>
     <span class='ocr_line' id='line_1_19' title="bbox 317 2897 1379 2998; baseline 0.001 -28"><span class='ocrx_word' id='word_1_123' title='bbox 317 2897 588 2998; x_wconf 85' lang='lat' dir='ltr'><strong>depopulando,</strong></span> <span class='ocrx_word' id='word_1_124' title='bbox 608 2923 692 2973; x_wconf 90' lang='lat' dir='ltr'><strong>cum</strong></span> <span class='ocrx_word' id='word_1_125' title='bbox 708 2915 864 2973; x_wconf 87' lang='lat' dir='ltr'><strong>castrum</strong></span> <span class='ocrx_word' id='word_1_126' title='bbox 880 2900 1157 2972; x_wconf 87' lang='lat' dir='ltr'><strong>munitissimum</strong></span> <span class='ocrx_word' id='word_1_127' title='bbox 1175 2897 1276 2996; x_wconf 90' lang='lat' dir='ltr'><strong>quod</strong></span> <span class='ocrx_word' id='word_1_128' title='bbox 1293 2900 1379 2971; x_wconf 92' lang='lat' dir='ltr'><strong>dici-</strong></span> 
     </span>
     <span class='ocr_line' id='line_1_20' title="bbox 316 3013 1378 3115; baseline -0.003 -28"><span class='ocrx_word' id='word_1_129' title='bbox 316 3028 374 3087; x_wconf 93' lang='lat' dir='ltr'><strong>tur</strong></span> <span class='ocrx_word' id='word_1_130' title='bbox 387 3016 565 3088; x_wconf 76' lang='lat' dir='ltr'><strong>{mianum</strong></span> <span class='ocrx_word' id='word_1_131' title='bbox 575 3017 601 3105; x_wconf 85' lang='lat'><strong>⁸,</strong></span> <span class='ocrx_word' id='word_1_132' title='bbox 614 3016 731 3087; x_wconf 80' lang='lat' dir='ltr'><strong>multo</strong></span> <span class='ocrx_word' id='word_1_133' title='bbox 739 3040 932 3110; x_wconf 83' lang='lat' dir='ltr'><strong>congressu</strong></span> <span class='ocrx_word' id='word_1_134' title='bbox 941 3030 1197 3115; x_wconf 86' lang='lat' dir='ltr'><strong>expugnatum,</strong></span> <span class='ocrx_word' id='word_1_135' title='bbox 1210 3013 1378 3086; x_wconf 89' lang='lat' dir='ltr'><strong>incendio</strong></span> 
     </span>
     <span class='ocr_line' id='line_1_21' title="bbox 316 3129 1380 3229; baseline -0.003 -26"><span class='ocrx_word' id='word_1_136' title='bbox 316 3132 490 3203; x_wconf 67' lang='lat' dir='ltr'><strong>conflari¹</strong></span> <span class='ocrx_word' id='word_1_137' title='bbox 508 3130 699 3222; x_wconf 79' lang='lat' dir='ltr'><strong>effecisset,</strong></span> <span class='ocrx_word' id='word_1_138' title='bbox 733 3130 942 3203; x_wconf 86' lang='lat' dir='ltr'><strong>Britoilum¹</strong></span> <span class='ocrx_word' id='word_1_139' title='bbox 974 3156 1086 3229; x_wconf 92' lang='lat' dir='ltr'><strong>usque</strong></span> <span class='ocrx_word' id='word_1_140' title='bbox 1107 3132 1283 3229; x_wconf 87' lang='lat' dir='ltr'><strong>pervenit.</strong></span> <span class='ocrx_word' id='word_1_141' title='bbox 1309 3129 1380 3216; x_wconf 92' lang='lat' dir='ltr'><strong>Qui</strong></span> 
     </span>
     <span class='ocr_line' id='line_1_22' title="bbox 316 3244 1380 3345; baseline -0.001 -28"><span class='ocrx_word' id='word_1_142' title='bbox 316 3245 569 3345; x_wconf 80' lang='lat' dir='ltr'><strong>aliquantisper</strong></span> <span class='ocrx_word' id='word_1_143' title='bbox 577 3246 615 3318; x_wconf 89' lang='lat' dir='ltr'><strong>in</strong></span> <span class='ocrx_word' id='word_1_144' title='bbox 626 3262 723 3319; x_wconf 89' lang='lat' dir='ltr'><strong>terra</strong></span> <span class='ocrx_word' id='word_1_145' title='bbox 735 3245 958 3337; x_wconf 90' lang='lat' dir='ltr'><strong>demoratus,</strong></span> <span class='ocrx_word' id='word_1_146' title='bbox 973 3272 1039 3318; x_wconf 87' lang='lat' dir='ltr'><strong>nec</strong></span> <span class='ocrx_word' id='word_1_147' title='bbox 1053 3271 1172 3341; x_wconf 88' lang='lat' dir='ltr'><strong>regem</strong></span> <span class='ocrx_word' id='word_1_148' title='bbox 1185 3244 1380 3341; x_wconf 71' lang='lat' dir='ltr'><strong>nuglorum</strong></span> 
     </span>
     <span class='ocr_line' id='line_1_23' title="bbox 318 3360 1382 3459; baseline -0.001 -27"><span class='ocrx_word' id='word_1_149' title='bbox 318 3360 455 3453; x_wconf 79' lang='lat' dir='ltr'><strong>ridere,</strong></span> <span class='ocrx_word' id='word_1_150' title='bbox 474 3386 542 3435; x_wconf 89' lang='lat' dir='ltr'><strong>nec</strong></span> <span class='ocrx_word' id='word_1_151' title='bbox 562 3362 600 3434; x_wconf 89' lang='lat' dir='ltr'><strong>in</strong></span> <span class='ocrx_word' id='word_1_152' title='bbox 624 3386 732 3459; x_wconf 87' lang='lat' dir='ltr'><strong>quem</strong></span> <span class='ocrx_word' id='word_1_153' title='bbox 751 3361 905 3434; x_wconf 84' lang='lat' dir='ltr'><strong>sufficiat</strong></span> <span class='ocrx_word' id='word_1_154' title='bbox 924 3361 1057 3434; x_wconf 84' lang='lat' dir='ltr'><strong>illatam</strong></span> <span class='ocrx_word' id='word_1_155' title='bbox 1074 3360 1261 3433; x_wconf 87' lang='lat' dir='ltr'><strong>vindicare</strong></span> <span class='ocrx_word' id='word_1_156' title='bbox 1281 3384 1382 3458; x_wconf 88' lang='lat' dir='ltr'><strong>repe·</strong></span> 
     </span>
     <span class='ocr_line' id='line_1_24' title="bbox 316 3476 1381 3577; baseline -0.005 -27"><span class='ocrx_word' id='word_1_157' title='bbox 316 3477 409 3550; x_wconf 89' lang='lat' dir='ltr'><strong>riens</strong></span> <span class='ocrx_word' id='word_1_158' title='bbox 439 3478 625 3577; x_wconf 87' lang='lat' dir='ltr'><strong>injuriam,</strong></span> <span class='ocrx_word' id='word_1_159' title='bbox 651 3492 691 3550; x_wconf 89' lang='lat' dir='ltr'><strong>ut</strong></span> <span class='ocrx_word' id='word_1_160' title='bbox 714 3477 823 3549; x_wconf 90' lang='lat' dir='ltr'><strong>etiam</strong></span> <span class='ocrx_word' id='word_1_161' title='bbox 845 3478 881 3549; x_wconf 92' lang='lat' dir='ltr'><strong>in</strong></span> <span class='ocrx_word' id='word_1_162' title='bbox 909 3478 1080 3551; x_wconf 87' lang='lat' dir='ltr'><strong>comitem</strong></span> <span class='ocrx_word' id='word_1_163' title='bbox 1110 3476 1381 3549; x_wconf 85' lang='lat' dir='ltr'><strong>Theobaldum‘</strong></span> 
     </span>
     <span class='ocr_line' id='line_1_25' title="bbox 317 3590 1380 3692; baseline -0.004 -27"><span class='ocrx_word' id='word_1_164' title='bbox 317 3592 538 3667; x_wconf 88' lang='lat' dir='ltr'><strong>redundaret</strong></span> <span class='ocrx_word' id='word_1_165' title='bbox 562 3598 760 3668; x_wconf 89' lang='lat' dir='ltr'><strong>Camotum</strong></span> <span class='ocrx_word' id='word_1_166' title='bbox 781 3617 972 3689; x_wconf 84' lang='lat' dir='ltr'><strong>regressus,</strong></span> <span class='ocrx_word' id='word_1_167' title='bbox 1002 3595 1138 3692; x_wconf 87' lang='lat' dir='ltr'><strong>impetu</strong></span> <span class='ocrx_word' id='word_1_168' title='bbox 1160 3590 1380 3664; x_wconf 85' lang='lat' dir='ltr'><strong>validissimo</strong></span> 
     </span>
     <span class='ocr_line' id='line_1_26' title="bbox 319 3707 1380 3806; baseline -0.005 -25"><span class='ocrx_word' id='word_1_169' title='bbox 319 3708 448 3782; x_wconf 91' lang='lat' dir='ltr'><strong>urbem</strong></span> <span class='ocrx_word' id='word_1_170' title='bbox 463 3710 684 3806; x_wconf 84' lang='lat' dir='ltr'><strong>aggrediens,</strong></span> <span class='ocrx_word' id='word_1_171' title='bbox 693 3710 774 3805; x_wconf 85' lang='lat' dir='ltr'><strong>igne</strong></span> <span class='ocrx_word' id='word_1_172' title='bbox 790 3708 1028 3805; x_wconf 66' lang='lat' dir='ltr'><strong>conflagrare²</strong></span> <span class='ocrx_word' id='word_1_173' title='bbox 1038 3707 1287 3799; x_wconf 81' lang='lat' dir='ltr'><strong>concertabat3</strong></span> <span class='ocrx_word' id='word_1_174' title='bbox 1297 3730 1380 3777; x_wconf 91' lang='lat' dir='ltr'><strong>cum</strong></span> 
     </span>
     <span class='ocr_line' id='line_1_27' title="bbox 318 3822 1379 3923; baseline -0.006 -26"><span class='ocrx_word' id='word_1_175' title='bbox 318 3824 437 3899; x_wconf 85' lang='lat' dir='ltr'><strong>subito</strong></span> <span class='ocrx_word' id='word_1_176' title='bbox 455 3841 529 3901; x_wconf 85' lang='lat' dir='ltr'><strong>tam</strong></span> <span class='ocrx_word' id='word_1_177' title='bbox 547 3825 634 3899; x_wconf 88' lang='lat' dir='ltr'><strong>cleri</strong></span> <span class='ocrx_word' id='word_1_178' title='bbox 650 3850 759 3923; x_wconf 90' lang='lat' dir='ltr'><strong>quam</strong></span> <span class='ocrx_word' id='word_1_179' title='bbox 777 3824 884 3916; x_wconf 85' lang='lat' dir='ltr'><strong>cives,</strong></span> <span class='ocrx_word' id='word_1_180' title='bbox 905 3824 1018 3897; x_wconf 86' lang='lat' dir='ltr'><strong>beatae</strong></span> <span class='ocrx_word' id='word_1_181' title='bbox 1039 3824 1103 3896; x_wconf 89' lang='lat' dir='ltr'><strong>Dei</strong></span> <span class='ocrx_word' id='word_1_182' title='bbox 1120 3822 1298 3921; x_wconf 84' lang='lat' dir='ltr'><strong>genitricis</strong></span> <span class='ocrx_word' id='word_1_183' title='bbox 1319 3845 1379 3893; x_wconf 90' lang='lat' dir='ltr'><strong>ca-</strong></span> 
     </span>
    </p>
   </div>
   <div class='ocr_carea' id='block_1_3' title="bbox 358 4056 1378 4591">
    <p class='ocr_par' dir='ltr' id='par_1_3' title="bbox 358 4056 802 4131">
     <span class='ocr_line' id='line_1_28' title="bbox 358 4056 802 4131; baseline -0.002 -12"><span class='ocrx_word' id='word_1_184' title='bbox 358 4063 388 4122; x_wconf 82' lang='lat' dir='ltr'><strong>i.</strong></span> <span class='ocrx_word' id='word_1_185' title='bbox 409 4062 444 4120; x_wconf 89' lang='lat' dir='ltr'><strong>V.</strong></span> <span class='ocrx_word' id='word_1_186' title='bbox 456 4058 545 4131; x_wconf 74' lang='lat' dir='ltr'><strong>inird,</strong></span> <span class='ocrx_word' id='word_1_187' title='bbox 560 4056 802 4118; x_wconf 84' lang='lat' dir='ltr'><strong>inObservation.</strong></span> 
     </span>
    </p>

    <p class='ocr_par' dir='ltr' id='par_1_4' title="bbox 358 4151 1055 4231">
     <span class='ocr_line' id='line_1_29' title="bbox 358 4151 1055 4231; baseline 0 -20"><span class='ocrx_word' id='word_1_188' title='bbox 358 4158 388 4217; x_wconf 66' lang='grc' dir='ltr'><strong>ἰ.</strong></span> <span class='ocrx_word' id='word_1_189' title='bbox 403 4157 569 4231; x_wconf 79' lang='lat' dir='ltr'><strong>Pmperavit</strong></span> <span class='ocrx_word' id='word_1_190' title='bbox 585 4156 654 4225; x_wconf 73' lang='lat'><strong>133,</strong></span> <span class='ocrx_word' id='word_1_191' title='bbox 666 4164 696 4211; x_wconf 81' lang='lat' dir='ltr'><strong>et</strong></span> <span class='ocrx_word' id='word_1_192' title='bbox 706 4152 773 4211; x_wconf 89' lang='lat' dir='ltr'><strong>edd.</strong></span> <span class='ocrx_word' id='word_1_193' title='bbox 787 4154 890 4213; x_wconf 86' lang='lat' dir='ltr'><strong>Germ.</strong></span> <span class='ocrx_word' id='word_1_194' title='bbox 905 4172 940 4212; x_wconf 85' lang='lat' dir='ltr'><strong>ac</strong></span> <span class='ocrx_word' id='word_1_195' title='bbox 952 4151 1055 4213; x_wconf 83' lang='lat' dir='ltr'><strong>Chesn.</strong></span> 
     </span>
    </p>

    <p class='ocr_par' dir='ltr' id='par_1_5' title="bbox 360 4245 768 4326">
     <span class='ocr_line' id='line_1_30' title="bbox 360 4245 768 4326; baseline -0.012 -18"><span class='ocrx_word' id='word_1_196' title='bbox 360 4252 388 4309; x_wconf 82' lang='grc'><strong>3.</strong></span> <span class='ocrx_word' id='word_1_197' title='bbox 410 4253 477 4323; x_wconf 72' lang='lat' dir='ltr'><strong>luy</strong></span> <span class='ocrx_word' id='word_1_198' title='bbox 489 4245 601 4326; x_wconf 83' lang='lat' dir='ltr'><strong>(Eure).</strong></span> <span class='ocrx_word' id='word_1_199' title='bbox 766 4310 768 4314; x_wconf 15' lang='lat'><strong>¹</strong></span> 
     </span>
    </p>

    <p class='ocr_par' dir='ltr' id='par_1_6' title="bbox 358 4339 1378 4498">
     <span class='ocr_line' id='line_1_31' title="bbox 358 4339 1378 4421; baseline 0 -20"><span class='ocrx_word' id='word_1_200' title='bbox 358 4346 387 4402; x_wconf 75' lang='lat'><strong>11.</strong></span> <span class='ocrx_word' id='word_1_201' title='bbox 411 4341 458 4401; x_wconf 88' lang='lat' dir='ltr'><strong>Sic</strong></span> <span class='ocrx_word' id='word_1_202' title='bbox 467 4353 549 4419; x_wconf 86' lang='lat' dir='ltr'><strong>quat.</strong></span> <span class='ocrx_word' id='word_1_203' title='bbox 558 4339 645 4401; x_wconf 88' lang='lat' dir='ltr'><strong>codd.</strong></span> <span class='ocrx_word' id='word_1_204' title='bbox 655 4351 684 4399; x_wconf 89' lang='lat' dir='ltr'><strong>et</strong></span> <span class='ocrx_word' id='word_1_205' title='bbox 693 4339 1104 4421; x_wconf 72' lang='lat' dir='ltr'><strong>edit.Chesn.-Coaflagrari</strong></span> <span class='ocrx_word' id='word_1_206' title='bbox 1113 4344 1190 4402; x_wconf 76' lang='lat'><strong>6205</strong></span> <span class='ocrx_word' id='word_1_207' title='bbox 1200 4354 1229 4403; x_wconf 86' lang='lat' dir='ltr'><strong>ct</strong></span> <span class='ocrx_word' id='word_1_208' title='bbox 1237 4340 1301 4401; x_wconf 82' lang='lat' dir='ltr'><strong>aliae</strong></span> <span class='ocrx_word' id='word_1_209' title='bbox 1312 4340 1378 4401; x_wconf 87' lang='lat' dir='ltr'><strong>edd.</strong></span> 
     </span>
     <span class='ocr_line' id='line_1_32' title="bbox 359 4435 1020 4498; baseline 0.005 -3"><span class='ocrx_word' id='word_1_210' title='bbox 359 4441 388 4496; x_wconf 74' lang='grc'><strong>5.</strong></span> <span class='ocrx_word' id='word_1_211' title='bbox 401 4435 497 4494; x_wconf 77' lang='lat' dir='ltr'><strong>nodie</strong></span> <span class='ocrx_word' id='word_1_212' title='bbox 510 4438 648 4494; x_wconf 84' lang='lat' dir='ltr'><strong>Breteuil.</strong></span> <span class='ocrx_word' id='word_1_213' title='bbox 663 4438 731 4493; x_wconf 79' lang='lat'><strong>-6</strong></span> <span class='ocrx_word' id='word_1_214' title='bbox 760 4435 938 4493; x_wconf 76' lang='lat' dir='ltr'><strong>Teaboadum</strong></span> <span class='ocrx_word' id='word_1_215' title='bbox 951 4438 1020 4498; x_wconf 64' lang='lat'><strong>511³.</strong></span> 
     </span>
    </p>

    <p class='ocr_par' dir='ltr' id='par_1_7' title="bbox 360 4526 786 4591">
     <span class='ocr_line' id='line_1_33' title="bbox 360 4526 786 4591; baseline -0.002 -5"><span class='ocrx_word' id='word_1_216' title='bbox 360 4533 389 4587; x_wconf 79' lang='lat'><strong>7.</strong></span> <span class='ocrx_word' id='word_1_217' title='bbox 402 4526 449 4586; x_wconf 86' lang='lat' dir='ltr'><strong>sic</strong></span> <span class='ocrx_word' id='word_1_218' title='bbox 463 4526 553 4587; x_wconf 86' lang='lat' dir='ltr'><strong>codd.</strong></span> <span class='ocrx_word' id='word_1_219' title='bbox 567 4545 668 4586; x_wconf 86' lang='lat' dir='ltr'><strong>ornnes</strong></span> <span class='ocrx_word' id='word_1_220' title='bbox 681 4538 710 4586; x_wconf 89' lang='lat' dir='ltr'><strong>et</strong></span> <span class='ocrx_word' id='word_1_221' title='bbox 719 4526 786 4591; x_wconf 86' lang='lat' dir='ltr'><strong>edd.</strong></span> 
     </span>
    </p>
   </div>
   <div class='ocr_carea' id='block_1_4' title="bbox 0 0 1876 5667">
    <p class='ocr_par' dir='ltr' id='par_1_8' title="bbox 0 0 1876 5667">
     <span class='ocr_line' id='line_1_34' title="bbox 0 0 1876 5667; baseline 0 0"><span class='ocrx_word' id='word_1_222' title='bbox 0 0 1876 5667; x_wconf 95' lang='lat' dir='ltr'><strong> </strong></span> 
     </span>
    </p>
   </div>
  </div>
 </body>
</html>
