3742 5667
526 778 585 837 aso
744 777 909 836 muvnss
928 759 1143 836 conrunras
1161 780 1213 836 nr
1232 781 1369 841 suom.

526 927 670 985 mortua
690 933 819 984 manus
843 908 991 1000 dicitur,
1023 925 1059 982 et
1086 936 1106 984 a
1132 926 1297 1010 tempore
1318 914 1584 1013 predecessoris

524 1028 639 1101 nostri
651 1027 786 1100 Yvonis
798 1024 939 1098 abbatis
953 1024 1145 1098 inolevisse
1159 1027 1325 1101 consulta
1341 1031 1492 1105 veritate
1505 1058 1583 1132 pro·

525 1141 646 1236 batur,
672 1140 872 1215 admodum
893 1142 1028 1237 gravati
1051 1155 1088 1213 et
1110 1140 1252 1234 alllicti,
1276 1169 1350 1216 non
1369 1147 1452 1242 jure
1466 1147 1584 1221 debito

524 1259 678 1357 astuque
702 1254 990 1346 consuetudinis,
1015 1255 1079 1328 sed
1105 1256 1294 1330 ambitiosa
1321 1261 1584 1337 introductione

525 1375 674 1448 novellae
705 1374 919 1464 exactionis,
946 1386 1108 1443 nostram
1136 1370 1303 1446 adierunt
1339 1382 1581 1476 praesentiam,

524 1492 619 1564 votis
642 1505 680 1564 et
693 1489 862 1590 precibus
874 1486 1063 1561 humiliter
1075 1487 1322 1585 implorantes,
1342 1495 1510 1590 quatinus
1526 1521 1584 1568 eos

524 1623 562 1680 et
575 1631 703 1680 eorum
722 1603 916 1678 haeredesa
936 1617 1013 1676 tam
1033 1627 1150 1702 pravae
1171 1607 1361 1679 exactionis
1383 1623 1421 1682 et
1439 1634 1583 1710 oppres

523 1723 634 1796 sionis
653 1722 742 1820 jugo
768 1721 1000 1818 eriperemus.
1036 1720 1224 1810 Quocirca,
1251 1725 1519 1798 communicato
1543 1751 1581 1798 es

523 1863 627 1911 more
641 1861 725 1911 cum
748 1835 916 1908 iratribus
930 1836 1064 1908 nostris
1084 1837 1256 1923 oonsilio,
1277 1861 1404 1911 eorum
1421 1841 1581 1938 petitioni

524 1954 741 2028 unanimiter
763 1977 947 2026 assensum
977 1951 1197 2052 praebuimus
1229 1981 1238 2024 z
1273 1955 1405 2054 quippe
1434 1957 1580 2054 dignum

523 2074 616 2145 esse¹
632 2069 846 2143 arbitrantes
858 2069 980 2142 villam
1002 2069 1095 2140 Beati
1115 2069 1287 2166 Dionysii,
1306 2096 1386 2169 quae
1398 2073 1492 2146 inter
1504 2099 1581 2148 om·

522 2188 582 2260 nia
599 2185 776 2287 praedictae
793 2185 949 2259 ecclesiae
970 2185 1104 2284 praedia
1126 2186 1256 2259 merito
1275 2186 1460 2282 singularis
1474 2191 1580 2289 privi-

521 2301 603 2400 legii
613 2318 649 2376 et
658 2303 901 2402 principatum
910 2299 1063 2393 obtinet,
1075 2303 1582 2402 etpraesentiapreciosissimo·

521 2443 604 2492 rum
619 2422 817 2516 Martyrum
833 2415 1022 2516 specialius
1037 2417 1170 2489 eminet
1180 2418 1323 2516 speciali
1334 2421 1578 2518 praerogativa,

521 2555 632 2630 quam
656 2530 725 2602 sibi
742 2530 841 2628 jure*
864 2526 1047 2620 vendicat,
1078 2553 1151 2628 prae
1173 2530 1308 2602 caeteris
1336 2529 1525 2604 sublimius
1546 2549 1580 2605 et

521 2647 732 2747 propensius
756 2645 949 2718 honorare.

568 2761 748 2835 Omnibus
774 2760 883 2858 igitur
904 2761 944 2833 in
962 2775 1151 2859 praetaxata
1175 2761 1272 2855 villa,
1300 2763 1336 2833 in
1363 2777 1459 2835 terra
1487 2765 1577 2836 Deati

519 2877 680 2975 Dionysii
698 2879 772 2950 sive
787 2876 855 2948 sub
873 2876 1009 2948 viatura
1034 2875 1109 2973 ejus
1130 2877 1372 2970 manentibus,
1393 2879 1578 2978 predictas

519 2994 721 3067 exactiones
738 2991 947 3092 hujusmodi
963 3006 1089 3064 tenore
1104 3007 1140 3064 et
1154 2991 1355 3067 stabilitatis
1370 2994 1577 3069 firmissime

435 3122 441 3132 ’
517 3111 743 3183 monimento
757 3110 794 3181 in
810 3123 1025 3207 perpetuum
1042 3108 1277 3183 relaxavimus
1295 3138 1303 3182 :
1321 3110 1422 3209 quod
1435 3113 1515 3212 ipsi,
1532 3113 1576 3187 ad

517 3224 704 3299 introitum
729 3226 939 3297 monasterii
964 3225 1059 3298 Deati
1080 3225 1242 3324 Dionysii
1266 3230 1516 3303 renovandum
1543 3243 1577 3302 et

518 3341 785 3433 decorandum,
813 3343 986 3416 ducentas
1011 3341 1122 3415 libras
1145 3357 1266 3417 nostra
1290 3345 1524 3444 dispositione
1543 3360 1575 3416 et

515 3458 740 3560 providentia
759 3457 806 3532 ad
828 3456 926 3531 idem
946 3482 1038 3557 opus
1059 3457 1309 3557 expendendas
1327 3459 1433 3535 nobis
1451 3476 1572 3534 contu·

515 3576 646 3650 lerunt.
671 3579 840 3648 Pratema
859 3573 1037 3673 quosdam
1060 3573 1107 3647 de
1120 3577 1251 3649 Sancto
1271 3575 1438 3649 Marcello
1456 3576 1493 3648 in
1511 3575 1576 3648 bac

515 3692 710 3766 exactionis
724 3691 950 3766 absolutione
966 3704 1003 3764 et
1017 3689 1228 3764 allevatione
1239 3689 1476 3766 admisimus:
1496 3691 1574 3765 Ful.

515 3835 643 3885 eonem
659 3812 774 3886 lilium
792 3809 969 3901 Elinandi,
986 3825 1019 3884 et
1043 3809 1301 3883 Herleuvinum
1323 3810 1571 3904 cambitorem,

515 3962 600 4010 cum
615 3937 820 4011 haeredibus
837 3937 921 4009 suis.
943 3939 1035 4008 Cum
1055 3951 1176 4008 autem
1200 3936 1389 4032 contigerit
1410 3936 1573 4038 prefatos

515 4051 708 4152 burgenses
727 4052 845 4154 proles
865 4078 945 4126 suas
968 4053 1103 4152 nuptiis
1128 4051 1286 4146 tradere,
1314 4068 1396 4154 post
1419 4069 1571 4128 mortem

517 4195 665 4265 earum,
702 4171 732 4243 si
759 4169 896 4269 absque
928 4166 1130 4242 baeredibus
1146 4166 1322 4262 obierint,
1348 4185 1514 4270 parentes
1539 4171 1571 4242 in

556 4439 585 4495 l.
600 4437 726 4513 Dignum
736 4444 790 4504 est,
804 4430 891 4505 male,
905 4428 1066 4490 chartulas.
1082 4441 1111 4488 et
1124 4429 1171 4489 ed.
1185 4427 1316 4492 Dubleti.

554 4533 585 4587 2.
601 4533 671 4588 lure
683 4525 767 4585 deest
779 4523 810 4584 in
821 4524 870 4585 ed.
883 4522 974 4584 Dubl.
