3742 5667
485 747 543 807 sta
702 744 866 805 mounes
886 728 1100 803 courrieres
1119 744 1170 802 ns
1188 742 1325 805 suoru.

483 902 690 953 morcarum
703 877 953 952 columnarum
965 877 1375 978 varietatecomponens,
1388 878 1553 978 copiosis

483 994 665 1094 purissimi
681 996 758 1067 auri
778 1008 814 1066 et
829 993 967 1090 argenti
980 992 1155 1067 thesauris
1177 993 1471 1068 inaestimabiliter
1487 993 1550 1065 lo·

484 1111 717 1210 cupletasset,
734 1109 914 1210 ipsiusque
931 1108 1126 1208 parietibus
1142 1125 1178 1182 et
1192 1108 1372 1182 columnis
1391 1124 1430 1183 et
1442 1129 1554 1182 arcu·

485 1227 556 1300 bus
588 1250 678 1299 auro
709 1240 819 1298 tectas
854 1240 982 1315 vestes,
1001 1226 1274 1323 margaritarum
1309 1226 1553 1299 varietatibus

487 1340 732 1442 multipliciter
756 1356 958 1434 exornatas,
984 1342 1153 1442 suspendi
1182 1341 1344 1433 fecisset,
1376 1343 1554 1439 quatinus

485 1458 635 1531 aliarum
649 1455 877 1530 ecclesiarum
889 1457 1110 1530 ornamentis
1130 1456 1332 1556 praecellere
1348 1457 1551 1548 videretur,

486 1588 522 1647 et
534 1570 753 1645 omnimodis
769 1570 1042 1670 incomparabili
1059 1572 1177 1644 nitore
1197 1596 1362 1661 vernans,
1383 1586 1418 1643 et
1443 1571 1553 1643 omni

485 1698 578 1755 terra
594 1682 859 1782 pulchritudine
874 1697 1020 1781 compta
1036 1680 1271 1755 inaestimabili
1288 1681 1419 1755 decore
1431 1680 1554 1780 splen-

485 1800 660 1890 desceret,
679 1798 750 1871 hoe
771 1786 890 1871 solum
914 1798 947 1870 ei
972 1797 1087 1870 deluit
1106 1798 1206 1896 quod
1232 1823 1343 1896 quam
1363 1812 1553 1898 oporteret

485 1913 769 2011 magnitudinem
786 1939 858 1986 non
874 1912 1032 1985 admisit.
1047 1918 1127 1985 Non
1138 1913 1239 2011 quod
1248 1914 1385 2013 aliquid
1395 1914 1472 2012 ejus
1489 1912 1555 1985 de·

485 2030 622 2103 votioni
648 2045 711 2103 aut
727 2029 903 2103 voluntati
921 2028 1071 2118 deesset,
1089 2027 1152 2102 sed
1172 2029 1271 2128 quod
1292 2030 1440 2104 forsitan
1458 2044 1553 2103 tunc

486 2150 658 2246 temporis
682 2147 719 2219 in
734 2147 914 2245 primitiva
931 2146 1079 2219 ecclesia
1096 2146 1196 2218 nulla
1214 2145 1334 2220 adbuc
1350 2162 1412 2219 aut
1430 2147 1571 2244 major«

486 2278 547 2337 aut
568 2262 713 2361 aequalis
740 2262 918 2353 existeret,
948 2276 1011 2334 aut
1038 2260 1139 2360 quod
1164 2261 1310 2335 brevior
1334 2260 1554 2358 fulgorantis

485 2379 562 2450 auri
576 2393 612 2451 et
628 2378 856 2477 splendorem
872 2401 1097 2473 gemmarum
1113 2378 1372 2477 propinquitati
1389 2376 1554 2449 arriden-

485 2493 575 2565 tium
597 2492 951 2565 oculorum-acutius
972 2491 1289 2590 delectabiliusque
1303 2489 1552 2582 refundendo,

486 2607 580 2682 ultra
594 2610 676 2682 satis
689 2632 800 2706 quam
815 2609 843 2680 si
853 2607 969 2703 major
977 2606 1212 2680 fabricaretur
1224 2607 1423 2680 irradiaret.

534 2724 649 2821 Hujus
663 2723 846 2796 brevitatis
861 2724 1006 2819 egregiae
1022 2738 1122 2819 grata
1135 2725 1336 2815 occasione,
1345 2722 1554 2795 numerosi-

486 2854 557 2914 tate
570 2838 732 2914 lidelium
743 2855 937 2933 crescente,
950 2854 986 2912 et
1002 2838 1049 2912 ad
1062 2838 1229 2935 sullragia
1243 2854 1453 2912 sanctorum
1469 2863 1553 2911 cre·

489 2954 557 3027 bro
564 2954 903 3048 confluente,tantas
910 2954 1057 3054 praefata
1065 2954 1211 3028 basilica
1220 2955 1394 3027 sustinere
1401 2978 1555 3027 consue·

489 3070 738 3163 vitmolestias,
746 3085 787 3142 ut
796 3070 982 3169 sepius,in
991 3067 1213 3143 solemnibus
1225 3067 1392 3142 videlicet
1404 3067 1552 3162 diebus,

488 3186 954 3287 admodopleuaperomnes
960 3186 1080 3259 valvas
1088 3184 1276 3258 turbarum
1285 3184 1554 3259 sibioccurren·

490 3302 579 3375 tium
588 3301 870 3401 superfluitatem
880 3301 1102 3393 refunderet,
1114 3315 1150 3373 et
1162 3326 1236 3373 non
1251 3300 1369 3375 solum
1376 3301 1554 3375 intrantes

487 3442 562 3490 nou
578 3418 722 3507 intrare,
741 3442 867 3491 verum
883 3419 991 3490 etiam
1006 3416 1070 3515 qui
1085 3416 1161 3513 jam
1181 3416 1401 3489 intraverant
1418 3442 1552 3517 praece·

486 3530 651 3607 dentium
660 3531 827 3633 expulsus
835 3533 930 3606 exire
936 3530 1551 3633 compelleret.Videresaliquando,

490 3647 669 3747 (mirabile
682 3648 776 3747 visu)
786 3648 885 3747 quod
896 3647 1130 3721 innitentibus
1139 3648 1277 3745 ingredi
1291 3647 1339 3721 ad
1348 3650 1553 3722 veneratio·

487 3788 573 3837 nem
587 3780 623 3838 et
637 3763 942 3838 deosculationem
963 3778 1170 3837 sanctarum
1194 3764 1431 3862 reliquiarum
1453 3765 1553 3838 Clavi

488 3900 525 3955 et
537 3885 687 3954 Coronae
703 3880 851 3953 Domini
869 3895 967 3952 tanta
982 3895 1157 3975 congestae
1180 3879 1420 3953 multitudinis
1435 3906 1553 3981 oppo-

487 3994 641 4068 nebatur
665 3998 911 4096 repugnantia,
938 4010 979 4068 ut
1001 3996 1095 4068 inter
1118 3996 1307 4068 innumera
1328 3997 1552 4096 populorum

487 4111 599 4186 millia
614 4137 656 4185 ex
667 4112 743 4210 ipsa
757 4116 812 4184 sul
825 4110 1091 4209 compressione
1103 4111 1224 4184 nullus
1244 4111 1376 4212 pedem
1399 4136 1550 4185 movere

487 4228 640 4319 valeret,
661 4227 781 4302 nullus
808 4226 906 4301 aliud
928 4254 972 4301 ex
993 4230 1069 4330 ipsa
1091 4232 1145 4302 sui
1169 4230 1426 4303 constrictione
1440 4255 1552 4328 quam

488 4345 580 4417 sicut
593 4359 707 4417 statua
726 4359 1044 4436 marmoreastare,
1064 4359 1219 4445 stupere,
1240 4343 1340 4443 quod
1356 4370 1471 4419 unum
1492 4372 1550 4418 su-

487 4474 632 4560 pererat
649 4458 858 4536 vociferare.
877 4460 1072 4536 Mulierum
1088 4475 1210 4536 autem
1229 4475 1328 4535 tanta
1344 4476 1382 4535 et
1401 4476 1476 4535 tam
1496 4461 1549 4533 in-
