3742 5667
434 841 472 898 oo
649 835 807 896 mnvnrs
827 815 1047 896 colitiras
1067 839 1118 896 nu
1137 838 1272 900 socan.

359 1046 361 1052 ,
433 989 520 1064 tere,
534 987 597 1046 aut
618 970 665 1046 de
681 969 798 1044 iractae
814 966 899 1044 fidei
914 969 1063 1068 perfidia
1070 985 1195 1044 contra
1208 997 1246 1044 se
1256 974 1489 1072 personaliter

432 1088 644 1162 defendere:
662 1117 680 1156 r
696 1091 780 1184 Age,
804 1084 981 1184 inquiens,
1002 1088 1077 1185 ejus
1100 1086 1209 1161 debet
1230 1091 1489 1186 congressionis

435 1234 453 1275 a
472 1229 547 1278 esse
559 1227 677 1304 poena,
698 1203 798 1301 cujus
813 1203 889 1275 veri
909 1218 946 1276 et
958 1202 1115 1282 victoriae
1132 1202 1241 1276 debet
1260 1229 1336 1277 esse
1358 1221 1396 1278 et
1413 1204 1488 1302 glo·

436 1322 535 1395 aria.
553 1351 570 1390 n
587 1321 781 1394 Arbitratus
798 1322 906 1394 etiam
926 1318 973 1392 de
995 1320 1078 1393 loco
1093 1318 1265 1418 quicquid
1289 1320 1490 1394 decentius¹

431 1438 548 1537 potuit
569 1464 577 1509 :
602 1436 842 1526 «Suocedat',
867 1438 997 1535 inquit,
1021 1460 1149 1510 corum
1173 1436 1347 1510 exercitus
1369 1460 1391 1508 a
1412 1437 1491 1536 ripa

435 1584 454 1623 α
470 1553 637 1647 fluminis,
653 1553 742 1626 dum
759 1553 981 1626 transvadari
994 1555 1185 1653 possimus,
1199 1569 1240 1626 ut
1248 1554 1360 1626 tutior
1375 1555 1428 1626 ei·
1440 1554 1491 1627 lo-

435 1696 532 1744 «cus
544 1671 717 1768 majorem
732 1669 862 1743 offerat
884 1671 1108 1743 securitatem
1122 1698 1133 1763 3
1152 1668 1227 1760 vel,
1243 1671 1273 1742 si
1289 1670 1403 1765 magis
1418 1670 1493 1769 pla·

433 1802 537 1878 acet,
566 1785 758 1860 nobiliores
779 1786 888 1859 totius
910 1786 1086 1858 exercitus
1111 1783 1242 1858 babeat
1266 1784 1493 1880 singulariter

435 1931 454 1969 α
468 1901 713 1976 concertandi⁸
740 1900 905 1992 obsides,
936 1900 1138 1974 dummodo
1163 1899 1210 1973 ad
1237 1924 1319 1992 nos,
1350 1916 1492 1974 remoto

434 2018 610 2114 «agmine
628 2032 766 2110 nostro,
785 2017 935 2090 transire
963 2015 1149 2089 concedat.
1170 2020 1294 2116 Neque
1312 2016 1411 2089 enim
1431 2016 1493 2089 ali-

435 2165 454 2203 o
472 2149 526 2207 ter
544 2133 764 2206 transvadari
786 2133 928 2232 poterit.
958 2164 976 2200 s
999 2131 1157 2219 Quidam
1178 2156 1279 2222 vero,
1301 2131 1493 2205 ridiculosa

428 2249 611 2347 jactantia,
640 2273 748 2348 super
772 2247 961 2347 praeiatum
989 2246 1183 2320 aemulum
1212 2261 1376 2345 pontem,
1409 2273 1491 2320 cunr

433 2366 550 2438 statim
573 2379 774 2455 corrueret,
798 2389 897 2460 reges
918 2363 1086 2436 dimicare
1104 2362 1361 2436 acclamabant.
1385 2364 1493 2453 Quod

431 2505 495 2554 rex
515 2478 716 2554 Ludovicus
734 2495 808 2552 tam
824 2479 967 2552 levitate
987 2502 1096 2576 quam
1121 2479 1270 2552 audacia
1288 2480 1489 2579 appetebat.

432 2599 503 2669 Rex
520 2621 604 2669 vero
630 2595 827 2692 Anglorum
853 2595 970 2693 inquit
994 2621 1003 2666 ε
1039 2622 1058 2664 a
1092 2598 1171 2667 Non
1205 2610 1259 2667 est
1288 2596 1379 2668 mihi
1406 2596 1493 2671 tibia

437 2743 455 2784 α
470 2715 557 2786 tanti
565 2717 589 2802 ⁸,
605 2727 644 2786 ut
659 2737 727 2812 pro
743 2711 800 2784 bis
822 2727 859 2785 et
872 2709 1080 2808 hujusmodi
1095 2711 1273 2784 famosum
1289 2728 1326 2786 et
1344 2712 1495 2811 perutile

435 2860 454 2897 α
471 2828 561 2901 mihi
572 2843 728 2901 castrum
739 2850 1001 2927 supervacanee
1020 2827 1195 2901 amittam.
1209 2859 1227 2894 n
1238 2831 1281 2900 Et
1291 2827 1370 2901 haic
1379 2844 1416 2901 et
1427 2827 1494 2900 alia

437 2942 806 3018 invectivaresutans:
829 2971 847 3011 a
866 2945 960 3014 Cum
980 2940 1124 3036 videro,
1150 2943 1280 3042 inquit,
1305 2941 1494 3016 dominum

437 3085 455 3126 α
474 3083 593 3155 regem
604 3057 668 3130 ubi
681 3082 740 3129 me
753 3057 947 3130 defendere
961 3056 1125 3150 debeam,
1137 3082 1210 3130 non
1222 3057 1362 3148 vitabo;
1375 3089 1393 3128 v
1409 3083 1494 3132 cum

434 3174 546 3270 quod·
557 3172 734 3247 offerebat
757 3172 829 3246 loci
847 3174 1060 3271 impotentia
1080 3173 1284 3270 abnegaret.
1307 3179 1389 3263 Quo
1413 3173 1498 3248 ridi·

433 3291 556 3366 culoso
580 3317 752 3392 responso
774 3294 865 3366 moti
888 3294 1027 3384 Franci,
1049 3307 1220 3393 tanquam
1237 3294 1380 3368 fortuna
1394 3293 1493 3368 loco-

432 3433 513 3482 rum
525 3409 619 3482 bella
637 3425 746 3506 gerat,
774 3423 925 3482 currunt
940 3409 987 3482 ad
1005 3435 1107 3481 arma
1130 3438 1138 3481 :
1164 3410 1327 3483 similiter
1353 3425 1390 3484 et
1409 3414 1495 3484 Nor-

433 3524 567 3596 manni.
585 3529 629 3597 Et
640 3523 729 3596 dum
741 3524 884 3621 utrique
896 3523 943 3596 ad
960 3523 1093 3597 llumen
1104 3525 1316 3618 accelerant,
1330 3527 1493 3600 maximae

433 3639 556 3735 stragis
576 3653 612 3713 et
634 3639 843 3713 calamitatis
872 3640 1143 3734 detrimentum,
1165 3640 1241 3715 sola
1267 3667 1427 3716 accessus
1440 3669 1496 3716 re·

439 3756 550 3828 movit
565 3756 842 3854 impossibilitas.
852 3758 947 3845 Quia
956 3781 1041 3830 vero
1050 3782 1217 3831 sermone
1227 3758 1327 3831 diem
1336 3759 1496 3834 detinue-

437 3886 537 3964 rant,
570 3887 674 3945 nocte
700 3873 865 3966 instante,
891 3873 944 3945 illi
967 3874 1181 3966 Gisortium,
1209 3876 1321 3948 nostri
1345 3875 1495 3949 Calvum

477 4086 506 4145 1.
527 4084 659 4144 Conscius
670 4085 739 4146 133.
750 4117 791 4129 -
803 4085 833 4142 1.
848 4086 985 4144 Seccedat
999 4089 1107 4148 tatto.
1124 4089 1296 4148 -Secedat
1311 4089 1382 4148 133.

477 4180 507 4239 3.
526 4181 580 4236 Eis
594 4177 764 4240 latetedd.
777 4181 857 4238 -11,
879 4181 1073 4239 concertando
1087 4181 1148 4240 sola
1161 4181 1232 4242 edit.
1245 4181 1350 4242 Chesm

479 4274 508 4331 b.
529 4271 573 4329 lul
592 4283 717 4348 qtratuor
737 4273 838 4346 codd,
860 4284 889 4332 et
908 4271 976 4336 edd.
990 4305 1030 4322 -
1042 4277 1108 4335 lton
1127 4289 1181 4354 est,
1199 4281 1306 4354 inquit,
1325 4276 1398 4334 mili
1416 4273 1496 4333 rabia

437 4369 525 4436 tanti,
545 4365 695 4438 mendosi,
713 4369 822 4427 11110.
837 4399 878 4412 -
888 4372 952 4428 Non
966 4381 1019 4441 est,
1036 4371 1138 4446 r'nqu'r,
1156 4371 1278 4432 otili...
1291 4375 1377 4443 tanti,
1388 4367 1496 4429 omisso

440 4453 513 4515 tibia
526 4454 556 4514 in
565 4461 654 4516 vacui
665 4457 842 4530 membrana,
853 4463 924 4522 133.

478 4552 508 4612 6.
524 4549 609 4629 Quod
617 4571 678 4612 rum
696 4553 765 4626 133,
783 4556 892 4618 tatto.
907 4587 948 4602 -
960 4557 1030 4616 Cum
1043 4557 1115 4633 quid
1124 4557 1172 4618 cd.
1186 4557 1285 4619 Genu.
