3742 5667
529 809 587 865 331.
746 808 912 866 OEUVRES
932 807 1146 868 contemtus
1164 809 1216 867 ΒΕ
1237 809 1372 870 SUGER.

527 939 611 1012 licet
633 963 707 1012 nou
726 939 816 1012 sicut
838 938 1048 1033 debueram,
1067 956 1104 1014 et
1121 941 1273 1014 fratrum
1295 955 1503 1030 nostrorum
1516 939 1591 1012 ibi-

527 1053 665 1127 demin
682 1069 802 1127 sancta
817 1069 853 1127 et
873 1060 953 1128 Deo
973 1056 1181 1156 acceptabili
1196 1057 1367 1153 religione
1384 1057 1592 1131 deservian

527 1173 618 1245 tium
642 1173 778 1244 votivas
798 1172 1007 1268 confugiens
1032 1175 1223 1268 orationes,
1257 1175 1292 1245 in
1321 1173 1479 1272 capitulo
1500 1195 1588 1245 cum

526 1289 588 1374 cis,
610 1289 702 1360 sicut
716 1311 815 1358 cram
835 1287 972 1378 solitus,
995 1288 1090 1361 bona
1107 1313 1194 1388 pace
1210 1288 1338 1361 resedi.
1359 1291 1523 1386 Cumque
1538 1287 1589 1360 dc

526 1405 578 1476 cis
594 1419 630 1476 et
645 1404 681 1474 in
702 1403 752 1475 eis
774 1417 857 1501 post
875 1406 993 1474 Deum
1010 1404 1212 1493 conlidens,
1237 1418 1409 1500 tanquam
1425 1417 1582 1500 aegrotus

526 1518 624 1591 fideli
642 1517 785 1590 medico
804 1517 1085 1590 sollicitudinum
1103 1543 1267 1590 mearum
1293 1521 1462 1614 angorcs¹
1480 1518 1586 1618 repli-

524 1632 809 1734 carelm],annos
819 1658 920 1706 meos
932 1633 1218 1706 inamaritudine
1234 1634 1361 1706 animae
1377 1659 1465 1706 meae
1482 1659 1587 1732 repo-

522 1773 626 1841 ncns,
642 1750 853 1848 deplangere
872 1765 909 1822 ct
925 1748 1095 1822 aborrere
1110 1751 1304 1822 introrsum
1322 1750 1414 1848 coepi
1432 1775 1441 1818 ε
1463 1773 1584 1822 meam

522 1865 618 1938 circa
641 1865 847 1937 divincmm
863 1864 1122 1938 beneficiorum
1143 1865 1341 1963 largitatem
1366 1865 1511 1962 longam
1530 1866 1585 1936 in-

523 1979 774 2076 gratitudinem
813 1997 1069 2080 repraesentans
1105 1981 1207 2073 mibi,
1244 1980 1430 2080 quomodo
1464 1978 1582 2052 valida

521 2096 670 2168 Domini
682 2121 879 2170 manusme
891 2121 1085 2196 pauperem
1103 2097 1149 2170 de
1165 2112 1319 2170 stercore
1336 2097 1473 2187 erexit²,
1495 2120 1584 2192 quo-

521 2211 633 2285 modo
649 2226 685 2283 et
702 2227 785 2284 ante
806 2212 981 2285 honorem
1007 2212 1105 2285 bunc
1121 2237 1203 2286 curn
1219 2211 1439 2312 principibus
1465 2209 1583 2284 Eccle-

521 2327 580 2400 siae
602 2341 638 2400 et
662 2328 759 2424 regni
783 2327 979 2400 consedere
1002 2328 1140 2422 fecerit,
1161 2328 1316 2426 qualiter
1341 2353 1400 2398 me
1434 2327 1581 2400 inmeri-

521 2457 656 2514 tumet
682 2442 866 2516 absentem
891 2469 978 2543 pace
997 2445 1161 2516 omnium
1185 2446 1223 2516 in
1254 2441 1323 2516 bac
1352 2457 1472 2515 sancta
1497 2442 1581 2514 sede

520 2556 786 2649 sublimaverit,
818 2582 891 2656 qua
919 2559 1164 2632 munificentia
1189 2559 1420 2632 dominorum
1442 2573 1581 2630 nostro·

519 2699 602 2747 rum
630 2675 928 2774 apostolicorum,
951 2675 1183 2750 dominorum
1212 2701 1350 2773 regum,
1377 2675 1577 2774 principum

520 2805 556 2863 et
575 2791 811 2890 populorum,
832 2791 956 2889 sopitis
979 2793 1191 2866 aemulorum
1206 2792 1355 2884 insidiis,
1374 2790 1581 2865 benivolen-

519 2906 606 2977 tiam
633 2906 738 2978 nobis
765 2906 1022 2997 conciliaverit,
1058 2910 1095 2979 in
1127 2909 1296 2980 omnibus
1328 2909 1479 2981 omnino
1507 2923 1577 2980 tarn

518 3020 760 3119 spiritualibus
787 3045 898 3119 quam
922 3022 1180 3122 temporalibus
1205 3038 1436 3123 prosperatus
1455 3024 1574 3096 luerit.

517 3139 563 3208 Et
578 3136 667 3209 dum
682 3138 790 3208 tantis
811 3135 942 3209 debitis
959 3139 1137 3212 obnoxius
1153 3141 1345 3234 astringor,
1362 3140 1409 3213 de
1425 3137 1579 3210 retribu-

518 3251 614 3324 tione
637 3252 782 3325 tirnidns
803 3253 961 3326 clamans
985 3279 1244 3327 commoveor:
1267 3253 1365 3347 Quid
1386 3252 1579 3326 retribuam

517 3370 671 3440 Domino
682 3394 752 3466 pro
774 3367 935 3440 omnibus
951 3395 1029 3468 quas
1044 3369 1207 3443 retribuit
1228 3370 1364 3442 mib’?
1389 3370 1493 3443 Unde
1510 3385 1579 3442 tac·

515 3498 574 3556 tus
590 3483 715 3556 dolore
728 3483 847 3556 cordis
856 3485 1084 3578 intrinsecus,
1102 3510 1232 3585 parans
1250 3486 1369 3583 fugam
1387 3485 1434 3558 ad
1452 3509 1578 3558 verum

514 3600 596 3674 vitae
617 3614 869 3699 protectorem,
894 3616 973 3673 toto
992 3603 1123 3675 mentis
1143 3615 1180 3674 et
1201 3601 1321 3675 cordis
1343 3601 1486 3694 affectu,
1507 3601 1578 3673 fra-

516 3730 614 3788 trum
644 3730 850 3790 nostrorum
870 3731 907 3789 et
935 3718 1102 3790 omnium
1128 3733 1164 3790 et
1188 3718 1411 3814 singulorum
1427 3716 1578 3813 genibus

515 3829 741 3931 provolutus,
774 3834 813 3904 in
841 3856 884 3904 ea
911 3857 983 3931 qua
1024 3835 1187 3906 Christus
1222 3833 1345 3906 dilexit
1384 3859 1451 3906 nos
1484 3835 1577 3906 cari·

516 3962 601 4038 tate,
627 3947 674 4022 ad
690 3949 885 4020 uniendum
908 3974 975 4020 nos
998 3951 1207 4046 sanguinem
1223 3974 1328 4022 suum
1350 3947 1518 4041 fundens,
1537 3963 1576 4022 ut

516 4085 622 4159 opem
648 4061 738 4134 ferat
761 4063 968 4161 suppliciter
1000 4063 1170 4158 efflagito.
1199 4067 1268 4135 Pro
1296 4087 1456 4161 qnorum
1480 4080 1575 4137 certe

514 4177 634 4274 quiete
653 4176 838 4251 laboribus
858 4179 1165 4278 inpresentiarum
1187 4205 1244 4252 me
1266 4203 1421 4277 expono,
1447 4180 1493 4252 ad
1513 4207 1575 4280 pa-

555 4449 584 4504 l.
600 4442 764 4525 Magnetes
774 4445 842 4506 edd.
862 4447 968 4506 Chesn.
985 4461 1014 4507 et
1031 4447 1123 4508 Felib.

555 4542 585 4599 Ξ.
600 4545 737 4600 Erexertr
748 4539 809 4600 sola
820 4540 868 4601 ed.
883 4541 991 4602 Chesu.
1019 4573 1060 4587 -
1080 4547 1110 4604 3.
1126 4541 1232 4602 Psalm.
1245 4561 1312 4620 cxv,
1328 4547 1358 4603 3.
