3742 5667
471 817 509 875 ss
687 799 850 868 (novans
871 753 1092 864 counimus
1111 806 1162 863 ns
1182 803 1316 864 suasa.

470 943 628 1018 haerebat
654 943 727 1036 regi
751 937 893 1037 duglas,
917 937 1152 1024 transeundo,
1178 936 1402 1037 depopulans
1423 947 1460 1010 et
1480 937 1536 1008 in-

472 1062 607 1136 cendiis
622 1083 816 1158 exponens,
837 1053 967 1130 talibus
981 1053 1166 1127 beneficiis
1183 1054 1304 1127 tuturo
1319 1053 1536 1127 adulabatur

471 1177 668 1275 colloquio.
680 1177 724 1247 At
733 1171 1008 1272 ubi‚utrobique
1023 1171 1181 1244 maximo
1194 1169 1346 1244 collecto
1360 1170 1533 1262 exercitu,

473 1309 620 1366 ventum
640 1305 692 1363 est
708 1289 754 1362 ad
778 1289 899 1362 locum
912 1289 1020 1385 vulgo
1038 1288 1268 1360 nominatum
1288 1287 1434 1358 Plaucas
1448 1288 1536 1357 Nin-

473 1408 590 1500 feoli¹,
611 1407 656 1480 ad
683 1405 869 1479 castellum
891 1405 972 1478 loco
997 1404 1271 1494 infortunatum,
1289 1402 1348 1474 cui
1370 1400 1538 1500 perhibet

474 1525 675 1599 accolarum
686 1524 877 1622 antiquitas
887 1537 950 1596 aut
962 1522 1022 1594 rix
1035 1537 1098 1595 aut
1119 1545 1305 1619 nunquam
1317 1520 1536 1593 convenien-

474 1650 528 1709 tes
545 1633 721 1735 pacificari
731 1635 761 1728 ²,
781 1658 889 1735 super
905 1636 1023 1733 ripam
1039 1633 1307 1707 intercurrentis
1319 1647 1356 1704 et
1373 1621 1540 1704 commu·

474 1775 560 1823 nem
574 1751 760 1824 transitum
780 1749 1005 1847 prohibentis
1023 1750 1141 1821 amnis
1160 1746 1326 1821 consedit
1345 1746 1535 1820 exercitus.

475 1867 643 1941 Consulto
654 1890 740 1938 vero
760 1866 957 1939 nobiliores
978 1881 1014 1938 et
1035 1865 1267 1964 sapientiores
1289 1864 1392 1936 electi
1410 1863 1539 1936 Franci

474 2009 540 2083 per
555 1999 704 2083 pontem
721 1983 930 2071 tremulum,
949 1997 984 2055 et
999 1981 1146 2077 singulis
1157 1997 1194 2052 et
1203 1978 1365 2079 pluribus
1377 1979 1540 2052 subitum

475 2101 672 2173 minantem
684 2098 920 2198 praecipitium
934 2098 1011 2197 ipsa
1027 2098 1082 2170 sui
1096 2111 1285 2189 vetustate,
1300 2110 1538 2188 transeuntes,

476 2216 620 2312 Anglico
635 2216 709 2312 regi
726 2215 943 2312 diriguntur.
960 2218 1126 2302 Quorum
1138 2215 1202 2311 qui
1217 2212 1444 2286 referendam
1463 2237 1542 2284 sus-

476 2349 619 2432 ceperat
645 2334 794 2406 actionis
816 2356 973 2426 causam,
991 2331 1127 2431 peritus
1154 2345 1288 2419 orator,
1326 2329 1541 2402 insalutato⁸

475 2474 571 2546 rege,
592 2474 656 2522 ore
672 2451 847 2522 comitum
867 2449 918 2520 sic
948 2447 1159 2546 peroravit:
1180 2477 1199 2515 a
1216 2448 1327 2537 Cum,
1352 2451 1542 2541 generosa*

481 2564 652 2666 «domini
670 2565 761 2662 regis
774 2569 995 2636 Francorum
1020 2561 1244 2652 liberalitate,
1261 2560 1432 2634 ducatum
1447 2565 1541 2634 Nor·

481 2713 499 2750 a
516 2684 670 2755 mannia
701 2697 871 2781 tanquam
903 2681 1093 2780 proprium
1121 2678 1271 2752 feodum
1302 2678 1349 2750 ah
1379 2678 1543 2776 ejusdem

481 2831 499 2869 ι(
516 2799 687 2872 munifica
702 2797 827 2873 dextra
842 2813 959 2871 vestra
973 2798 1164 2896 recepisset
1173 2797 1543 2889 industria‚interalia

481 2945 499 2982 e
516 2931 552 2988 et
566 2930 694 3014 prater
708 2915 778 2988 alia
799 2914 870 2987 hoc
889 2901 1089 3012 specialiter
1102 2912 1335 3012 jurejurando
1353 2911 1542 2985 firmatum

480 3046 653 3104 «constat
679 3030 727 3104 de
747 3031 903 3104 Gisortio
931 3045 968 3104 et
991 3031 1123 3122 Braio⁸‚
1145 3044 1186 3101 ut
1208 3052 1437 3126 quocumque
1457 3054 1545 3102 oon-

480 3177 499 3216 ιι
519 3161 634 3220 tractu
649 3161 730 3218 uter
742 3162 902 3219 vestrum
910 3144 1074 3219 obtinere
1085 3159 1220 3244 posset,
1231 3159 1359 3218 neuter
1370 3143 1538 3236 haberet,

480 3293 499 3332 α
517 3287 601 3335 cum
629 3262 720 3336 infra
740 3261 974 3361 quadraginta
1001 3262 1216 3362 receptionis
1238 3260 1315 3334 dies
1338 3285 1539 3361 possessor,

483 3379 610 3478 «pacti
629 3377 820 3472 obnoxius,
847 3379 924 3477 ipsa
947 3377 1089 3452 castella
1116 3376 1278 3450 funditus
1302 3375 1540 3450 subverteret.

517 3602 550 3660 1.
562 3599 728 3678 Nimplreolr'
734 3601 805 3674 133,
818 3601 929 3659 11710.
943 3598 1038 3660 Hodie
1054 3597 1315 3679 Ndaufiesfflure),
1329 3597 1422 3680 prope
1437 3599 1544 3662 Gisor-

478 3691 562 3753 tium.

520 3789 550 3847 Ξ.
566 3785 613 3845 Sic
625 3789 683 3846 135
694 3797 724 3846 et
737 3785 806 3850 edd.
821 3820 862 3832 -
875 3789 1003 3845 Pasrlsel
1014 3785 1118 3866 reliqui
1132 3785 1218 3846 codd.

519 3889 550 3946 3.
573 3888 733 3943 Insalutato
746 3883 834 3944 codd.
852 3902 953 3944 omnes
967 3896 996 3945 et
1017 3884 1087 3946 edd.
1107 3884 1193 3945 Forte
1213 3889 1347 3960 salutato,
1365 3882 1546 3965 subjungunt

479 3975 658 4036 Benedictini
675 3998 682 4036 :
701 4002 716 4031 ι
730 3977 785 4036 Vix
799 3977 888 4060 enim,
908 3977 1054 4057 inquiunt,
1069 3977 1208 4037 credibile
1226 3989 1270 4037 est
1287 3976 1361 4036 aded
1379 3976 1545 4056 incomptos

482 4095 495 4126 e
519 4069 606 4130 fuisse
620 4089 715 4132 mores
733 4072 850 4132 illorum
867 4085 1044 4152 temporum,
1057 4085 1089 4131 ut
1102 4091 1201 4151 regem
1215 4083 1327 4145 orator,
1341 4072 1422 4131 nnlll
1436 4071 1546 4152 praevia

483 4192 498 4222 ι
520 4165 702 4240 salutatione,
715 4167 897 4228 aususluerit
907 4168 1028 4247 alloqui.
1045 4190 1058 4223 s
1079 4168 1154 4228 Atsi
1171 4166 1258 4241 hujus
1276 4165 1413 4246 colloquii
1427 4187 1546 4227 causam

479 4261 678 4342 perpenderis,
693 4275 722 4321 et
741 4262 820 4342 ipsas
840 4262 967 4322 oratoris
983 4281 1071 4322 voces
1091 4258 1241 4321 audaciam
1257 4273 1286 4321 et
1302 4259 1434 4320 convicia
1450 4260 1547 4320 exha-

479 4355 583 4428 lantes,
592 4368 660 4414 tunc
672 4354 794 4415 verbum
809 4361 962 4414 insalutato
978 4356 1059 4415 lactis
1068 4375 1127 4415 non
1141 4355 1298 4435 discrepari
1304 4353 1459 4435 judicabis.

521 4453 553 4510 l.
563 4449 609 4508 Sic
620 4449 694 4508 codd
706 4467 816 4509 omnes.
831 4484 872 4495 -
891 4451 1019 4513 Gloriosa
1032 4447 1101 4510 edd.

523 4547 553 4602 5.
567 4539 661 4626 Vulgi>
677 4548 753 4616 Bray
769 4541 1012 4624 (Sciunt-Olsep
1024 4542 1116 4624 prope
1129 4540 1323 4620 lingniacum.
