3742 5667
497 734 556 792 eos
713 732 878 791 oeuvans
901 716 1118 790 conaturus
1136 732 1189 789 ue
1205 729 1341 790 suana.

543 866 632 935 Item
651 863 686 936 iu
703 863 830 938 eadem
845 865 971 959 vitrea,
981 865 1045 939 ubi
1061 865 1198 938 Pharao
1213 889 1299 938 oum
1314 862 1477 963 equitatu
1490 884 1564 933 suo

494 978 533 1049 in
548 1004 647 1053 mare
661 979 880 1079 demergitur
900 1008 910 1054 a

573 1168 658 1245 Quod
669 1169 811 1250 baptisma
820 1168 916 1243 bonis,
932 1170 988 1229 lroc
1001 1167 1109 1229 militia
1121 1168 1300 1241 Pharaonis,

613 1268 716 1324 Forma
726 1264 796 1324 facit
808 1262 920 1346 similis,
931 1282 1076 1343 causaque
1084 1262 1241 1324 dissimilis.

543 1439 1556 1541 Itemineadem,ubiMoysesexaltatserpentemaeueum:

574 1628 654 1691 Sicut
665 1644 812 1711 serpentes
825 1653 944 1715 serpens
957 1648 1042 1695 necat
1055 1654 1149 1695 aeuetu
1161 1653 1272 1708 omues,

574 1723 621 1785 Sic
633 1726 775 1786 exaltatus
788 1728 884 1788 hostes
898 1740 982 1789 necat
992 1729 1023 1787 in
1037 1748 1122 1788 cruce
1135 1728 1276 1790 Christus.

545 1901 588 1972 ln
599 1898 723 1974 eadem
734 1901 857 1995 vitrea,
871 1902 935 1975 ubi
948 1905 1087 2000 Moyses
1095 1902 1225 2002 accipit
1233 1900 1393 1999 legemin
1403 1913 1529 1973 monte
1548 1921 1556 1969 ε

574 2122 651 2197 Lege
663 2117 730 2177 data
745 2116 851 2195 Moysi,
866 2114 950 2199 jurat
961 2116 1043 2176 illam
1055 2115 1149 2197 gratia
1157 2116 1276 2179 Christi.

616 2211 718 2273 Gratia
732 2209 867 2287 vivificat,
884 2210 982 2272 littera
994 2209 1160 2271 mortificat.

544 2382 659 2474 Unde,
670 2384 756 2483 quia
771 2384 892 2483 magni
907 2400 1073 2458 constant
1092 2382 1247 2457 mirifico
1265 2407 1376 2482 opere
1393 2397 1561 2482 sumptu-

496 2524 567 2597 que
590 2500 740 2597 profuso
756 2501 840 2573 vitri
855 2501 986 2592 vestiti,
1003 2516 1040 2573 et
1060 2501 1289 2599 saphirorum
1307 2500 1470 2593 materia,
1493 2498 1562 2571 tui·

496 2615 586 2686 tioni
615 2630 652 2688 et
670 2615 857 2688 refectioni
878 2640 1002 2688 earum
1030 2615 1298 2688 ministerialem
1327 2615 1558 2711 magistrum,

497 2730 588 2803 sicut
612 2730 720 2803 etiam
747 2730 968 2806 ornamentis
1001 2732 1118 2804 aureis
1142 2746 1179 2803 et
1210 2731 1384 2827 argenteis
1404 2730 1561 2828 peritum

496 2846 719 2919 aurifabrum
742 2849 1010 2940 constituimus,
1032 2848 1096 2946 qui
1127 2863 1165 2920 et
1187 2845 1396 2945 praebendas
1422 2871 1503 2919 suas
1526 2860 1563 2919 et

498 2962 598 3059 quod
614 2964 665 3036 eis
679 2988 787 3063 super
802 2964 873 3037 hoe
888 2964 1007 3037 visum
1022 2978 1088 3055 est,
1101 2962 1268 3036 videlicet
1280 2962 1327 3035 ab
1338 2960 1442 3035 altari
1454 2988 1562 3035 num·
1596 3026 1602 3037 .

498 3103 577 3151 mos
599 3095 631 3152 et
657 3104 678 3153 a
702 3082 888 3153 communi
915 3080 1065 3153 fratrum
1083 3077 1216 3152 horreo
1243 3103 1424 3154 annonam
1448 3081 1560 3152 susci·

497 3193 609 3292 piant,
622 3210 659 3268 et
673 3196 720 3268 ab
730 3221 857 3270 eorum
865 3195 1092 3295 providentia
1100 3219 1300 3295 numquam
1313 3220 1350 3267 sc
1358 3195 1558 3269 absentent.

546 3311 691 3411 Septem
706 3338 852 3411 quoque
866 3312 1096 3405 candelabra,
1115 3313 1288 3410 quoniam
1301 3336 1343 3384 aa
1355 3337 1435 3411 quae
1444 3318 1560 3393 Karo-

497 3424 554 3498 lus
570 3427 768 3528 imperator
775 3429 882 3503 beato
898 3430 1071 3528 Dionysio
1086 3430 1288 3502 contulerat
1307 3453 1370 3502 sua
1386 3444 1562 3502 vetustate

498 3539 666 3643 dissipata
676 3545 910 3645 apparebant,
931 3571 1039 3647 opere
1058 3546 1217 3620 smaltito
1242 3561 1279 3619 et
1295 3544 1432 3644 optime
1453 3545 1563 3620 deau-

404 3650 406 3657 ‘
498 3674 578 3731 rato
593 3663 763 3761 componi
779 3662 945 3737 fecimus.

548 3780 638 3849 Vasa
654 3779 776 3868 etiam,
798 3795 873 3852 tam
886 3779 932 3853 de
948 3805 1036 3853 auro
1048 3804 1160 3878 quam
1182 3778 1352 3878 preciosis
1364 3775 1557 3877 lapidibus,

499 3891 545 3964 ad
565 3894 763 3968 Dominicae
775 3920 907 3969 mensae
923 3897 1130 3987 servicium,
1150 3908 1279 3994 praeter
1291 3894 1350 3965 illa
1371 3919 1450 3993 quae
1466 3916 1565 3988 reges

500 4012 720 4083 Francorum
741 4027 778 4084 et
797 4012 917 4085 devoti
940 4012 1096 4085 ecclesiae
1114 4011 1251 4084 eidem¹
1267 4008 1388 4082 officio
1409 4008 1560 4108 deputa·

500 4136 678 4216 taverunt,
693 4122 802 4200 beato
827 4128 1001 4225 Dionysio
1019 4125 1141 4202 debita
1157 4125 1350 4200 devotione
1367 4124 1563 4222 adquisivi·

501 4262 601 4314 mus:
621 4264 792 4338 magnum
806 4242 972 4317 videlicet
983 4242 1132 4318 calicem
1142 4240 1563 4342 aureumseptiesviginti

544 4476 571 4533 l.
587 4476 723 4547 Ejusdem
739 4476 786 4537 ed.
804 4475 908 4539 Chesu.
