3742 5667
751 819 813 876 vlu
832 820 883 876 DE
902 818 1035 881 SUGER.
1362 824 1421 882 395

340 942 491 1044 Sicqne
523 948 625 1022 illum
655 971 718 1048 per
750 951 872 1022 omnia
905 949 1008 1021 lavor
1031 949 1221 1023 comitatus
1249 967 1303 1024 est
1329 953 1420 1026 divi-

341 1085 437 1151 nus,
458 1081 558 1139 utet
576 1067 778 1140 incruentas
796 1067 842 1139 de
859 1066 963 1139 hoste
977 1080 1176 1166 reportaret
1190 1067 1369 1160 victorias,
1387 1083 1422 1140 et

343 1176 396 1250 de
412 1184 526 1278 regni
542 1183 740 1280 integritate
754 1183 842 1256 nihil
856 1183 1000 1282 penitus
1019 1181 1211 1282 deperiret.
1222 1187 1301 1256 Hoc
1310 1183 1423 1257 modo

345 1299 407 1366 vir
441 1300 604 1390 virtutis,
631 1300 784 1372 exterius
804 1299 876 1390 leo,
895 1299 1108 1372 intrinsecus
1131 1323 1256 1395 agnus,
1281 1298 1424 1372 Christo

345 1409 455 1484 duce
471 1413 592 1514 praelia
607 1415 707 1510 regni
730 1413 954 1512 praeliabatur
966 1413 1126 1512 pacifice.
1144 1413 1291 1487 Videres
1307 1413 1353 1486 de
1369 1439 1425 1486 re·

348 1531 473 1603 motis
495 1532 595 1627 regni
623 1531 784 1630 partibus
799 1531 1026 1621 lemovicos,
1055 1530 1241 1626 Bituriges,
1263 1529 1425 1603 Pistasos

350 1659 392 1716 et
410 1649 625 1720 Guascones
639 1647 676 1719 in
692 1645 1020 1746 opportunitatibus
1036 1643 1082 1717 ad
1100 1645 1192 1717 illius
1205 1669 1243 1717 se
1257 1643 1425 1717 conferre

349 1761 572 1858 praesidium
583 1790 591 1832 :
603 1761 736 1859 quibus
748 1787 845 1835 nunc
856 1785 939 1861 ope,
950 1784 1047 1832 nunc
1062 1759 1213 1833 consilio
1225 1761 1274 1832 ita
1286 1759 1425 1833 satisfa-

352 1876 486 1950 ciebat
508 1879 545 1950 in
566 1876 748 1971 omnibus,
767 1892 809 1951 ut
833 1902 855 1950 a
882 1877 1010 1974 quovis
1031 1899 1114 1974 rege
1132 1875 1223 1949 nihil
1241 1889 1426 1975 sperarent

353 1992 532 2090 amplius.

411 2108 549 2204 Agebat
572 2125 740 2208 praeterea
764 2108 902 2181 bonum
922 2106 1227 2209 patremfamilias,
1251 2105 1427 2204 ampliora

354 2221 532 2296 faciendo
549 2249 626 2322 quae
649 2225 823 2298 servanda
843 2239 1057 2324 susceperat.
1079 2223 1263 2322 Siquidem
1279 2238 1314 2295 et
1333 2221 1426 2295 aedes

357 2340 577 2411 restauravit
597 2340 724 2435 regias,
745 2355 781 2414 et
803 2341 923 2413 ruinas
947 2363 1138 2411 murorum
1159 2339 1271 2411 erexit
1293 2351 1329 2410 et
1348 2353 1427 2410 tur·

359 2455 475 2526 rium.
491 2459 580 2526 Nam
593 2455 769 2554 quodluit
782 2457 968 2557 palatium,
984 2454 1084 2552 quod
1094 2454 1207 2551 regale
1221 2453 1423 2546 aedificium,

360 2569 467 2666 quod
475 2594 550 2643 non
559 2569 677 2670 aliqua
687 2597 730 2644 ex
744 2587 844 2670 parte
855 2571 1082 2644 melioratum
1091 2571 1258 2669 princeps
1265 2593 1426 2642 reversus

362 2684 544 2760 invenerit
556 2688 571 2758 ?
585 2693 629 2761 Et
640 2713 686 2760 ne
702 2675 848 2788 propter
864 2689 956 2784 regis
976 2685 1175 2759 absentiam
1194 2709 1305 2782 regno
1327 2686 1427 2783 quio-

364 2825 477 2897 quam
491 2803 628 2876 deesset
643 2803 803 2894 honoris,
818 2802 865 2875 ab
881 2802 953 2875 hoc
968 2803 1099 2874 milites
1112 2801 1214 2874 solita
1228 2825 1425 2898 conseque·

365 2915 500 2990 bantur
527 2917 720 3018 stipendia,
744 2934 781 2991 et
806 2919 913 2990 certis
944 2917 1073 2990 diebus
1105 2933 1218 2990 vestes
1245 2915 1302 2988 vel
1332 2913 1428 2986 dona

366 3032 475 3126 regia.
490 3035 577 3120 Quae
593 3035 715 3106 omnia
735 3048 875 3106 constat
891 3033 994 3105 illum
1009 3032 1155 3133 propria
1175 3031 1294 3129 potius
1309 3031 1429 3101 muni-

371 3145 513 3220 ficentia
528 3148 706 3239 tribuisse,
718 3173 828 3247 quam
841 3149 886 3222 de
901 3150 993 3245 regis
1000 3149 1123 3220 aerario
1141 3145 1197 3218 vel
1211 3171 1249 3217 re
1264 3144 1438 3245 publica..

371 3265 460 3334 Nam
475 3289 624 3338 omnem
652 3265 841 3362 pecuniam
864 3289 943 3362 quae
962 3263 1008 3336 de
1031 3263 1124 3335 lisois
1148 3260 1353 3334 solvebatur
1375 3285 1428 3331 re-

371 3378 435 3472 giis
464 3381 703 3477 peregrinanti
728 3382 801 3477 regi
822 3395 885 3452 aut
914 3379 1107 3451 transmisit
1134 3390 1197 3449 aut
1221 3375 1426 3465 reservavit,

371 3495 528 3588 cogitans
544 3493 650 3590 longe
669 3497 789 3593 posito
808 3495 964 3594 plurima
982 3493 1191 3583 necessaria,
1209 3506 1245 3564 et
1265 3494 1362 3589 quae¹
1375 3512 1429 3562 re·

371 3624 599 3681 servarentur
613 3633 774 3704 regresso
787 3635 863 3683 non
877 3609 954 3682 fore
969 3608 1148 3708 superllua
1155 3611 1178 3679 ¹.

420 3727 534 3822 Hujus
559 3725 704 3797 decreto
728 3725 954 3798 ecclesiastici
972 3725 1031 3798 vel
1055 3724 1235 3797 dabantur
1259 3721 1428 3813 honores,

370 3838 427 3910 vel
459 3837 738 3913 detrahebantur
772 3841 915 3937 singulis
942 3868 950 3912 ε
977 3841 1110 3939 quippe
1134 3834 1258 3935 cujus⁸
1287 3861 1431 3909 assensu

371 3955 678 4028 consecrationem
713 3954 927 4029 obtinebant
965 3955 1068 4028 electi
1099 3951 1300 4052 pontifices,
1330 3953 1431 4050 cujus

411 4186 441 4242 l.
457 4182 504 4242 Sic
524 4184 590 4244 cod.
614 4203 668 4244 ms.
682 4195 711 4244 et
731 4182 820 4244 editio
832 4182 896 4244 bar.
915 4183 952 4246 de
974 4181 1091 4246 Aitolio.
1103 4214 1144 4230 -
1159 4187 1199 4243 Et
1212 4195 1243 4241 at
1256 4199 1328 4260 qua,
1345 4196 1431 4242 men·

371 4274 454 4348 duae,
471 4275 536 4335 edd.
555 4275 644 4336 Felib.
663 4289 692 4336 et
706 4277 813 4336 Bened.

413 4372 442 4427 2.
461 4371 568 4428 Eadem
580 4368 693 4450 Sngerii
707 4370 745 4428 ad
758 4369 936 4430 Ludovicuru
957 4389 1053 4450 regem
1074 4382 1214 4431 testantur
1226 4367 1341 4442 litterae,
1361 4387 1434 4447 quas

372 4464 459 4541 supra
470 4459 625 4537 edidimus,
639 4482 670 4542 p.
690 4465 761 4523 atta.

413 4558 442 4616 3.
459 4557 529 4628 Ejru
542 4555 589 4616 ed.
605 4553 723 4616 baronis
735 4555 773 4616 de
784 4553 903 4619 attollo.
