3742 5667
624 804 687 861 vlu
707 805 757 860 DE
776 803 889 864 LOUlS
908 806 956 864 LE
976 805 1084 866 GROS.
1348 813 1385 870 17

321 947 450 1006 exeunt
473 934 540 1031 qui
564 936 736 1009 comitem
755 937 989 1030 conveniant,
1017 937 1299 1013 extraordinarie
1327 966 1386 1013 es·

319 1047 496 1147 poliatum
515 1050 696 1122 ordinarie
714 1052 833 1124 vestiri
847 1075 909 1124 ore
933 1051 1130 1125 defensoris
1160 1055 1383 1154 praecipiant,

320 1163 368 1236 de
383 1163 466 1260 jure
478 1163 517 1236 in
529 1165 628 1237 curia
644 1167 720 1262 ejus
738 1167 986 1242 ratiocinando
1000 1183 1098 1241 certa
1113 1168 1173 1241 die
1184 1168 1383 1245 decertent.

319 1279 429 1368 Quod
440 1305 527 1352 cum
548 1281 746 1374 refutasset,
772 1283 894 1356 ulcisci
918 1285 1087 1358 testinans
1105 1286 1285 1375 defensor,
1310 1287 1385 1360 col-

319 1393 412 1468 lecto
437 1398 596 1469 exercitu
623 1397 753 1489 multo,
779 1399 816 1472 in
844 1423 927 1471 eum
955 1401 1064 1474 exiliit
1091 1428 1100 1473 ε
1128 1401 1386 1500 praefatumque

319 1523 478 1586 mstrum
498 1513 721 1610 aggrediens,
746 1514 859 1587 modo
884 1517 1008 1601 armis,
1029 1516 1140 1589 modo
1162 1518 1243 1614 igne
1265 1519 1387 1619 impu·

320 1651 446 1722 gnane,
462 1629 582 1702 multo
598 1653 789 1725 congressu
804 1632 1032 1731 expugnavit,
1053 1634 1256 1733 turrimque
1270 1635 1386 1734 ipsam

320 1745 471 1817 militari
488 1745 650 1818 custodia
668 1747 835 1842 munivit,
855 1762 891 1820 et
912 1748 1091 1822 munitam
1111 1752 1271 1846 Hugoni,
1294 1751 1387 1825 sicut

319 1861 579 1960 spoponderat,
595 1863 774 1935 restituit¹.

367 1980 430 2048 lv.
452 1981 572 2049 Movet
594 1977 721 2050 itidem
746 1979 942 2052 exercitum
967 1979 1013 2052 ad
1035 1978 1134 2052 aliud
1149 1981 1310 2078 ejusdem
1328 2005 1388 2053 co·

323 2093 418 2164 mitis
433 2108 592 2164 castrum
610 2094 758 2166 nomine
774 2094 1011 2187 Canliacum',
1030 2097 1184 2168 tentoria
1203 2097 1291 2193 figit,
1314 2123 1389 2170 ma·

321 2207 445 2282 chinas
465 2209 746 2306 impugnatorias
765 2210 892 2282 instrui
913 2212 1094 2309 pracepit.
1116 2216 1252 2284 Verum
1271 2215 1387 2287 multo

320 2323 424 2396 aliter
437 2349 550 2422 quam
566 2323 733 2424 sperabat
748 2327 890 2398 evenire
922 2329 1082 2424 contigit.
1104 2331 1239 2400 Mutata
1252 2329 1386 2428 quippe

321 2451 420 2534 grata
432 2438 527 2510 aeris
542 2439 728 2537 temperie,
747 2439 881 2536 ingrata
891 2453 925 2510 et
937 2439 1145 2512 turbulenta
1159 2440 1387 2540 intemperies

321 2555 481 2646 emersit,
501 2568 672 2652 tantoque
690 2569 810 2626 ettam
826 2551 991 2626 horribili
1005 2553 1193 2653 impluvio,
1207 2557 1386 2628 tonitruo·

322 2695 403 2742 rum
430 2670 682 2743 coruscatione
712 2685 825 2742 totam
851 2683 985 2741 terram
1013 2669 1051 2740 in
1076 2685 1181 2742 nocte
1205 2671 1383 2762 turbavit,

323 2787 519 2858 exercitum
535 2785 667 2876 affecit,
686 2810 798 2882 equos
819 2784 963 2874 cecidit,
978 2798 1020 2856 ut
1031 2785 1092 2856 vix
1103 2787 1221 2858 nivere
1236 2784 1385 2885 quidam

325 2927 451 2974 eorum
466 2916 663 3000 sperarent.
683 2906 765 2989 Quo
786 2899 1003 2974 intolerabili
1018 2900 1182 2990 horrore,
1200 2926 1285 2973 cum
1304 2901 1384 3000 qui·

323 3018 406 3090 dam
420 3018 470 3090 de
478 3019 638 3090 exercitu
646 3018 683 3090 in
699 3041 827 3090 aurora
841 3017 962 3113 lugam
976 3018 1188 3088 matutinam
1201 3030 1382 3115 pararent,

324 3133 543 3208 dormitante
558 3133 678 3205 adhue
694 3131 883 3205 defensore
899 3134 936 3204 in
952 3133 1145 3231 papilione,
1165 3131 1290 3205 dolose
1306 3147 1385 3204 ten·

325 3251 423 3324 toriis
447 3251 539 3346 ignis
566 3262 619 3322 est
643 3246 851 3347 applicitus·
872 3276 880 3320 :
904 3273 948 3320 ex
964 3272 1051 3347 quo,
1070 3248 1154 3345 quia
1175 3249 1316 3344 signum
1332 3260 1387 3318 est

325 3365 530 3456 recedendi,
547 3363 667 3437 subito
681 3365 856 3436 exercitus
868 3380 943 3436 tam
957 3365 1099 3436 incaute
1115 3390 1224 3462 quam
1237 3363 1387 3437 confuse

326 3483 417 3555 exire
437 3483 616 3574 festinant,
635 3482 857 3579 inopinatam
873 3479 1111 3552 recessionem
1122 3479 1384 3570 formidantes‘,

327 3623 389 3670 nec
406 3598 497 3696 quid
516 3598 575 3671 alii
591 3597 668 3670 aliis
690 3596 878 3669 conserant
893 3596 1129 3669 attendentes.
1148 3600 1313 3683 Quorum
1330 3597 1386 3666 in·

328 3738 433 3786 eursu
449 3714 622 3813 praecipiti
641 3712 830 3811 multoque
845 3711 1001 3784 clamore
1026 3712 1195 3785 dominus
1215 3710 1390 3809 stupefac-

327 3846 394 3922 tus,
410 3854 573 3927 quaerens
588 3827 677 3926 quid
698 3843 802 3919 esset,
822 3852 916 3926 equo
933 3827 1055 3899 insiliit
1073 3855 1081 3898 z
1098 3843 1181 3926 post
1193 3829 1388 3900 exercitum

331 3945 507 4036 ieiunans,
528 3945 611 4042 quia
630 3945 707 4040 jam
726 3944 1005 4040 circumquaque
1021 3942 1171 4040 dispersi
1198 3958 1313 4034 erant,
1332 3966 1391 4015 re·

333 4059 454 4134 ducere
468 4059 572 4134 nullo
590 4056 703 4134 modo
717 4059 840 4132 valuit.
857 4058 956 4148 Quid
970 4058 1067 4131 aliud
1085 4058 1217 4133 faceret
1232 4059 1390 4132 famosus

369 4257 395 4314 1.
415 4257 501 4314 Anno
518 4255 610 4314 ttae.
624 4257 702 4314 -1,
725 4249 819 4331 Vulgd
835 4250 973 4326 ctambty
984 4249 1092 4331 (Oise).

369 4348 396 4408 3.
418 4350 590 4424 Applicarur
606 4348 674 4418 135,
688 4357 776 4424 atque
789 4345 858 4406 edit.
875 4346 976 4406 Germ.

369 4441 398 4506 l.
418 4444 576 4515 Sperantes
591 4442 660 4512 rat,
673 4438 800 4518 itemque
818 4437 885 4501 edd.
902 4440 1003 4499 Germ.
1016 4451 1045 4498 et
1058 4436 1185 4510 chesnii,
1197 4438 1249 4518 qni
1267 4440 1296 4499 iu
1317 4461 1395 4502 urar·

334 4535 392 4620 gine
405 4537 458 4599 dat
475 4537 567 4597 etiam
581 4540 779 4616 (ornaidantes.

1284 4649 1303 4704 2
