3742 5667
525 810 582 868 rot
751 808 916 865 murras
938 792 1155 862 constares
1175 805 1225 861 ne
1245 804 1376 862 suone.

574 939 755 1040 Pulpitum
768 940 877 1013 etiam
887 939 1089 1034 antiquum,
1105 934 1205 1035 quod
1217 935 1462 1011 ammirabile*
1478 933 1590 1007 tabu·

522 1058 639 1131 larum
651 1055 891 1130 ebmnearum
901 1052 1130 1127 subtilissima
1142 1054 1343 1151 nostrisque
1358 1048 1592 1150 temporibus

522 1170 771 1273 inreparabili¹
799 1173 998 1272 sculptura,
1034 1182 1071 1241 et
1092 1169 1320 1265 antiquarum
1350 1167 1590 1240 historiarum

521 1288 759 1387 descriptione
784 1286 980 1359 humanam
999 1283 1270 1359 aestimationem
1293 1282 1499 1373 excedebat,
1526 1307 1588 1355 re-

521 1403 679 1479 collectis
694 1401 824 1475 tabulis
839 1426 918 1501 quae
934 1403 972 1474 in
985 1423 1152 1473 arcarum
1167 1414 1203 1471 et
1214 1397 1282 1471 sub
1300 1423 1465 1471 arrarum
1477 1422 1589 1497 repo-

521 1520 650 1591 sitione
678 1517 812 1591 diutius
837 1517 1083 1607 loedabantur,
1117 1514 1228 1605 retici,
1257 1512 1451 1613 dextraque
1480 1529 1588 1613 parte

521 1636 692 1708 restitutis
707 1632 919 1707 animalibus
936 1632 1091 1733 cupreis,
1111 1656 1158 1703 ne
1184 1646 1282 1703 tanta
1304 1646 1451 1729 tamque
1471 1632 1586 1703 mira·

519 1750 603 1824 bilis
614 1751 793 1852 deperiret
807 1749 967 1839 materia,
977 1748 1024 1821 ad
1035 1742 1290 1847 proferendam
1298 1748 1459 1845 superius
1467 1747 1584 1820 sancti

477 1847 484 1877 ’
520 1865 701 1963 Evangelii
715 1866 919 1955 lectionem,
939 1865 1027 1961 erigi
1040 1864 1203 1937 lecimus.
1225 1868 1265 1935 ln
1290 1864 1449 1936 novitate
1471 1864 1585 1961 siqui-

520 1981 603 2055 dem
620 1983 784 2055 sessionis
801 1996 945 2074 nostra,
965 1980 1265 2079 impedimentum
1289 1978 1487 2077 quoddam,
1505 2003 1585 2077 quo

518 2098 681 2172 medium
689 2096 846 2171 ecclesio
859 2121 968 2169 muro
993 2095 1184 2170 tenebroso
1202 2095 1404 2187 secabatur,
1426 2120 1474 2167 ne
1499 2120 1582 2193 spe·

518 2214 660 2287 ciositas
673 2212 829 2286 ecclesiae
852 2212 1105 2309 magnitudinis
1121 2210 1252 2284 talibus
1267 2211 1465 2284 fuscaretur
1481 2234 1584 2311 repa-

519 2329 622 2426 gulis,
637 2328 682 2401 de
699 2326 819 2401 medio
828 2327 968 2400 sustolli
985 2327 1195 2399 leceramus.

566 2450 639 2519 Nec
649 2445 769 2518 minus
784 2443 945 2517 nobilem
961 2442 1105 2540 gloriosi
1124 2443 1216 2539 regis
1230 2444 1427 2540 Dagoberti
1450 2444 1577 2518 cathe-

517 2560 641 2654 dram,
668 2562 706 2633 in
736 2586 820 2659 qua,
846 2576 889 2634 ut
911 2559 1100 2660 perhibere
1123 2560 1214 2634 solet
1240 2561 1447 2659 antiquitas,
1476 2586 1580 2659 reges

517 2680 750 2769 Francorum,
772 2691 937 2776 suscepto
963 2677 1064 2773 regni
1093 2677 1265 2775 imperio,
1282 2675 1330 2749 ad
1353 2676 1581 2778 suscipienda

517 2792 734 2891 optimatum
749 2815 898 2866 suorum
921 2792 1083 2865 hominia
1099 2794 1261 2893 primum
1281 2792 1405 2867 sedere
1425 2817 1579 2866 cousue-

517 2922 656 2999 verant,
667 2924 744 2981 tum
763 2933 830 3008 pro
844 2908 932 2981 tanti
947 2909 1155 2981 excellentia
1164 2908 1288 3001 officii,
1303 2924 1383 2981 tum
1394 2908 1503 2981 etiam
1510 2934 1580 3008 pro

518 3025 636 3122 operis
655 3024 764 3125 ipsius
791 3024 926 3125 precio,
957 3024 1175 3123 antiquatam
1198 3023 1237 3097 'et
1260 3022 1460 3124 disruptam
1479 3024 1580 3098 refici

518 3139 680 3213 lecimus.

565 3254 729 3354 Aquilam
756 3281 843 3330 vero
865 3257 902 3329 in
922 3254 1044 3329 medio
1065 3255 1169 3329 ebori
1190 3256 1460 3329 ammirantium
1479 3270 1579 3329 tactu

517 3372 694 3470 frequenti
710 3372 965 3447 dedeauratam
979 3373 1302 3446 reaurarisecimus.

564 3489 767 3562 Vitrearum
785 3488 893 3561 etiam
919 3513 1096 3563 novarum
1117 3488 1325 3587 praeclaram
1351 3488 1575 3576 varietatem,

515 3604 562 3676 ab
576 3629 618 3677 ea
625 3605 742 3703 prima
756 3629 835 3703 quae
849 3604 975 3704 incipit
989 3628 1012 3675 a
1027 3606 1146 3701 Stirps
1157 3610 1257 3677 Iesse
1275 3606 1312 3677 in
1326 3605 1443 3704 capite
1462 3604 1577 3677 eccle·

514 3721 585 3809 siae,
605 3745 719 3818 usque
741 3720 786 3793 ad
808 3744 889 3793 eam
905 3746 984 3818 quae
1009 3733 1171 3819 superest
1192 3720 1380 3819 principali
1400 3734 1515 3818 portae
1539 3718 1575 3790 in

514 3836 665 3909 introitu
678 3836 845 3929 ecclesiae,
862 3851 937 3908 tam
958 3836 1122 3935 superius
1139 3861 1249 3933 quam
1273 3835 1573 3932 inferius,magis-

514 3966 655 4023 trorum
670 3952 869 4025 multorum
881 3952 926 4024 de
952 3951 1100 4025 diversis
1113 3950 1317 4024 nationibus
1330 3976 1440 4024 mauu
1454 3951 1574 4050 exqui-

514 4066 593 4156 sita,
611 4064 754 4166 depingi
770 4067 934 4141 lecimus.
954 4072 1030 4139 Una
1045 4092 1200 4165 quarum
1217 4067 1262 4140 de
1273 4065 1518 4139 materialibus
1527 4063 1571 4137 ad

514 4180 761 4255 immaterialia
774 4184 944 4277 excitans,
959 4181 1111 4255 Paulum
1123 4183 1327 4282 apostolum
1341 4182 1475 4255 molam
1493 4205 1569 4253 ver·

556 4461 586 4522 l.
599 4459 644 4519 stc
656 4460 722 4520 cod.
738 4480 792 4521 ms.
808 4472 837 4520 et
849 4460 939 4520 editio
951 4460 1079 4535 Chesuii,
1096 4472 1128 4521 ut
1141 4460 1215 4521 inlri
1229 4464 1453 4521 ammirantium.

553 4552 585 4613 ἰ.
598 4554 641 4611 lta
654 4553 719 4613 cod.
732 4573 786 4615 nu.
799 4566 828 4615 et
837 4553 942 4615 Chesn.
959 4555 1006 4615 ed.
