3742 5667
499 712 557 775 ut
717 712 880 773 muvnss
901 695 1117 773 courcirrs
1137 713 1187 771 nn
1206 714 1337 774 suom.

497 872 518 919 a
533 844 637 919 nobis
646 847 743 920 idem
762 846 936 920 Berardus
953 862 1124 945 tanquam
1137 845 1250 920 homo
1260 862 1386 920 noster
1398 846 1438 918 in
1455 842 1581 918 feodo

499 962 661 1058 haberet,
674 963 926 1038 conduximus.

700 1198 792 1267 XIV.
813 1200 867 1265 De
877 1194 1003 1266 Feins'
1018 1211 1057 1266 et
1073 1192 1353 1266 Vendrovillore.

548 1400 665 1473 Aliam
693 1400 801 1473 etiam
826 1400 1103 1499 possessionem,
1130 1425 1210 1498 quae
1236 1399 1370 1472 dicitur
1398 1399 1505 1471 Feins
1535 1414 1580 1472 et

501 1515 785 1608 Vendrovillare,
807 1542 892 1590 cum
909 1516 987 1589 aliis
1002 1515 1266 1615 pertinentibus
1291 1514 1397 1609 villis,
1416 1540 1439 1588 a
1462 1515 1579 1589 Gale·

498 1654 613 1701 ranno
636 1629 682 1701 de
705 1630 861 1701 Brctoilo
886 1644 922 1701 et
944 1654 1055 1707 uxore
1084 1628 1160 1725 ejus
1184 1626 1332 1701 Juditha
1352 1643 1391 1701 et
1414 1644 1576 1700 suenuo

497 1746 577 1817 viro
594 1744 670 1818 filio
692 1746 768 1843 ejus
787 1744 960 1836 Ebrardo,
978 1745 1095 1843 quiin
1112 1743 1338 1845 expeditione
1353 1741 1572 1838 Hierosoly-

498 1862 633 1933 mitana
648 1861 833 1952 occubuit,
851 1861 967 1935 multo
981 1875 1130 1960 sumptu
1143 1860 1219 1933 fere
1230 1875 1375 1933 centum
1385 1860 1576 1958 quinqua-

500 1977 597 2074 ginta
612 2001 816 2049 marcarum
829 1978 1235 2076 argenticomparatam,
1254 1978 1329 2049 sive
1345 1976 1571 2061 restitutam,

500 2092 702 2191 (dicebatur
729 2093 862 2192 quippe
884 2092 985 2189 quod
1007 2092 1104 2166 beati
1129 2093 1290 2189 Dionysii
1304 2093 1456 2191 antiquo
1470 2105 1570 2163 tem·

498 2232 586 2305 pore
605 2233 648 2281 ex
669 2209 768 2281 dono
788 2208 941 2282 Huberti
963 2209 1010 2281 de
1025 2214 1157 2281 Sancto
1173 2209 1341 2281 Galarico
1357 2208 1566 2304 extiterat),

501 2322 735 2423 eleemosynae
752 2324 848 2398 beati
868 2325 1032 2424 Dionysii
1055 2323 1294 2415 contulimus;
1317 2339 1505 2423 sperantes
1522 2323 1572 2396 de

498 2440 565 2511 Dei
582 2440 841 2534 misericordia,
860 2441 962 2539 quod
976 2466 1019 2515 ea
1041 2441 1259 2541 pauperihus
1282 2442 1457 2515 attributa
1474 2440 1572 2513 elee-

499 2580 649 2654 mosyna
687 2556 815 2631 divinae
843 2556 1091 2629 retributionis
1118 2555 1338 2629 beneficium
1368 2558 1476 2631 nobis
1518 2555 1570 2629 ab

500 2672 742 2772 omnipotenti
772 2678 848 2746 Deo
882 2672 1162 2745 misericorditer
1202 2671 1422 2772 impetrabit.
1469 2673 1571 2745 Dixit

501 2788 598 2860 enim
617 2788 719 2887 quod
739 2790 831 2861 sicut
853 2814 947 2887 aqua
973 2788 1145 2885 extinguit
1166 2788 1298 2885 ignem,
1328 2790 1377 2861 ita
1404 2789 1567 2862 eleemo-

500 2928 587 3001 syna
602 2906 774 3001 extinguit
789 2921 988 3006 peccatum.
1007 2909 1050 2978 Et
1061 2920 1102 2978 ut
1116 2906 1151 2977 in
1168 2905 1428 3005 sempiternum
1440 2930 1567 2979 neces·

500 3019 662 3092 sitatibus
675 3046 875 3120 pauperum
891 3021 1030 3094 firmius
1051 3020 1241 3113 deserviat,
1262 3037 1443 3121 praecepto
1471 3023 1568 3118 regis

501 3134 700 3229 Ludovici¹,
715 3138 815 3236 quod
832 3139 869 3209 in
887 3138 1043 3211 archivis
1056 3136 1210 3237 publicis
1228 3139 1425 3237 repositum
1447 3139 1567 3211 conti·

500 3236 619 3345 rietur,
634 3251 770 3327 firmari
787 3253 950 3328 fecimus.

870 3486 946 3556 XV.
968 3488 1024 3556 De
1043 3482 1155 3556 Belca
1169 3486 1192 3555 ⁸.

549 3692 641 3763 Sane
663 3690 756 3764 inter
770 3689 856 3762 alias
877 3714 950 3763 una
974 3689 1021 3762 de
1048 3688 1258 3763 melioribus
1277 3690 1373 3763 beati
1401 3690 1565 3788 Dionysii

501 3805 783 3905 possessionibus
799 3806 836 3877 in
852 3830 943 3904 pago
969 3807 1195 3879 Guastinensi
1217 3806 1326 3878 Delna
1348 3806 1562 3894 dinoscitur,

501 3946 580 4018 quae
592 3924 700 3994 etiam
713 3923 868 4020 spatiosa
885 3922 959 3995 iere
975 3937 1132 4020 quatuor
1149 3922 1334 4018 leugarum
1348 3923 1475 4021 spatio,
1492 3922 1565 3993 sru-

503 4038 615 4113 menti
635 4054 674 4112 et
694 4039 769 4111 vini
793 4038 978 4137 opulentia
999 4037 1108 4131 ferax,
1129 4062 1443 4138 quorumcumque
1466 4038 1562 4111 fruc-

541 4255 572 4311 1.
593 4253 1106 4335 Ῑαίπε-εα-Παηοίς(Εκνε-εε-ὶοίν).

542 4350 571 4408 2.
587 4350 708 4406 Ludoici
719 4347 785 4407 cod.
800 4368 854 4408 ms.

544 4441 573 4501 3.
595 4436 689 4521 Vulgo
700 4445 1021 4507 sem-tamarum.
