3742 5667
800 750 972 811 tems,
1361 753 1418 811 atu
1536 772 1544 789 ⁸

364 883 484 957 zelum
500 883 695 957 secundum
721 883 915 955 scientiam.
944 883 981 954 Si
1008 882 1101 955 bene
1126 883 1255 956 offerre
1279 885 1416 975 nititur,

363 1000 497 1070 rectius
515 998 662 1071 dividat.
686 998 830 1093 Regiam
850 996 1076 1069 clementiam
1098 996 1317 1071 blandiendo
1331 1015 1367 1071 et
1382 1024 1419 1073 se

362 1112 538 1186 voluntati
563 1112 656 1185 illius
684 1110 911 1210 exponenda,
933 1126 1008 1185 tam
1034 1113 1103 1185 sibi
1130 1138 1239 1211 quam
1265 1114 1420 1187 ecclesiae

363 1252 435 1299 suae
461 1242 498 1299 et
521 1226 659 1300 civibus
684 1225 903 1316 reconciliet,
927 1252 974 1300 ne
997 1225 1174 1302 diabolica
1208 1227 1334 1300 astutia
1357 1242 1420 1300 aut

360 1341 577 1439 proditionis
593 1367 749 1432 coronae,
765 1354 825 1413 aut
841 1342 1024 1415 fratricidii
1046 1344 1187 1417 infamis
1202 1343 1416 1439 ignominia,

362 1455 420 1528 vel
438 1457 508 1529 tale
522 1458 656 1556 aliquid
678 1471 847 1553 emergat.

411 1577 454 1647 Et
476 1573 564 1671 quid
586 1573 632 1645 de
659 1572 763 1645 vobis
785 1573 902 1645 dicam
928 1574 1115 1645 carissimis
1138 1574 1262 1647 amicis
1288 1575 1419 1647 nostris

361 1689 499 1761 decano
528 1704 565 1761 et
591 1688 848 1760 archidiaconis
870 1702 907 1759 ct
935 1686 1045 1760 nobili
1075 1688 1357 1787 clero'capituli,
1388 1691 1419 1762 si

360 1803 509 1875 audiero
524 1803 684 1877 nobilem
706 1817 839 1875 statum
857 1803 1012 1876 ecclesiae
1026 1820 1151 1877 vestrae
1170 1804 1345 1892 subverti,
1363 1829 1419 1877 ec·

361 1919 550 1992 clesiarum
564 1920 629 1992 Dei
645 1920 786 2019 copiam
804 1918 872 1990 hac
885 1908 1073 1992 occasione
1085 1919 1167 2015 igne
1182 1919 1418 2015 conflagrari?

360 2037 466 2107 Novit
498 2036 558 2132 qui
589 2036 711 2106 omnia
737 2034 850 2125 novit,
881 2033 981 2131 quod
1010 2034 1160 2131 graviter
1186 2033 1349 2105 infirmus
1383 2049 1420 2105 et

359 2165 535 2246 quartano
552 2165 639 2249 typo
657 2149 835 2240 laborans,
856 2148 996 2245 gravius
1008 2148 1078 2220 boc
1092 2149 1262 2245 languore
1278 2149 1417 2245 affligor

358 2264 405 2335 ad
425 2290 589 2363 praesens,
609 2280 646 2337 et
665 2267 845 2365 meipsum
859 2265 1012 2338 libenter
1028 2289 1093 2363 pro
1111 2266 1292 2338 sedatione
1309 2265 1416 2362 hujus

358 2379 544 2452 seditionis
565 2379 827 2453 contraderem.
844 2379 941 2468 Quid
956 2394 1077 2451 autem
1092 2381 1196 2452 vobis
1210 2380 1343 2468 dicam,
1362 2382 1413 2452 ci·

357 2519 420 2567 ves
446 2494 653 2585 miserrimi,
678 2520 770 2593 quos
792 2493 895 2567 valde
922 2494 1058 2592 absque
1080 2495 1276 2593 cupiditate
1298 2495 1417 2592 aliqua

357 2609 504 2705 diligere
519 2611 688 2681 consuevi
705 2612 836 2707 (neque
852 2609 949 2681 enim
964 2608 1135 2681 recordor
1154 2633 1210 2681 me
1223 2609 1417 2706 aliquando

357 2723 416 2797 vel
444 2748 557 2795 unum
580 2749 772 2796 nummum
797 2723 941 2795 avohis
969 2722 1179 2822 accepisse),
1211 2724 1241 2795 si
1268 2722 1416 2798 audiero

357 2840 510 2913 civitatis
528 2838 808 2919 subversionem,
829 2838 985 2911 filiorum
1000 2854 1198 2911 vestrorum
1215 2852 1251 2910 et
1263 2864 1417 2913 uxorum

357 2951 519 3027 exulum¹
538 2953 853 3052 depraedationem,
876 2956 1035 3025 virorum
1055 2954 1253 3027 multorum
1269 2954 1415 3026 detrun-

357 3070 559 3141 cationem?
583 3072 671 3156 Quae
692 3068 721 3139 si
742 3068 854 3141 modo
874 3067 980 3158 fiant,
1007 3084 1107 3141 tanto
1130 3070 1253 3160 citius;
1279 3069 1308 3140 si
1328 3094 1415 3167 qua-

357 3208 513 3282 cumque
532 3185 718 3256 occasione
747 3184 970 3272 differantur,
996 3198 1096 3256 tanto
1119 3185 1313 3272 ardentius,
1337 3208 1417 3256 cru-

357 3299 472 3371 delius
507 3312 543 3371 et
579 3298 816 3370 miserabilius
849 3296 938 3370 fient
967 3325 975 3370 ε
1003 3300 1129 3371 crescit
1160 3300 1257 3370 enim
1289 3298 1416 3371 odium

357 3439 401 3485 ex
414 3415 561 3487 ultionis
584 3413 767 3486 dilatione.
796 3414 984 3485 Miserrimi
1004 3415 1086 3504 viri,
1113 3415 1324 3486 misereatur
1347 3413 1416 3485 sibi

358 3528 488 3601 nobilis
513 3530 693 3628 pontifex,
723 3530 931 3601 misereatur
956 3528 1070 3601 clerus
1095 3533 1149 3601 sul
1171 3530 1302 3628 ipsius;
1329 3530 1413 3626 quia

357 3645 450 3717 sicut
471 3670 544 3717 non
568 3646 699 3742 poterit
723 3644 872 3716 formica
898 3668 1044 3715 currum
1062 3643 1217 3735 trabere,
1242 3644 1292 3716 sic
1313 3642 1412 3715 nullo

360 3759 470 3832 modo
492 3774 661 3857 poterunt
682 3756 833 3831 civitatis
856 3757 1077 3830 Belvacensis
1101 3759 1371 3832 subversionem
1390 3784 1412 3831 a

358 3874 566 3946 fortitudine
584 3897 725 3945 coronae
742 3890 777 3946 et
793 3874 924 3972 sceptri
937 3873 1139 3946 defendere.
1164 3875 1200 3945 si
1219 3873 1305 3970 quid
1322 3875 1413 3946 scire

358 4014 517 4087 possum,
535 3990 563 4061 si
583 3990 671 4086 quid
690 3990 820 4062 retinui
832 3991 894 4087 qui
902 3992 978 4087 jam
986 3992 1024 4062 iu
1035 3989 1091 4062 bis
1102 3990 1286 4082 consenui,
1297 4005 1413 4061 vestra

358 4103 464 4200 longo
490 4104 613 4176 labore
626 4120 725 4203 parta
741 4104 943 4201 raptoribus
962 4120 997 4176 et
1021 4106 1161 4178 furibus
1183 4104 1411 4203 expendetis3

359 4220 449 4291 iram
473 4218 611 4291 domini
643 4221 754 4315 regis,
787 4222 898 4291 immo
925 4221 1089 4292 omniurn
1122 4220 1411 4313 succedentium,

398 4468 429 4525 1.
444 4467 566 4521 Erulum
580 4463 627 4523 ed.
643 4462 788 4523 Benedict.
806 4496 842 4509 ·-
854 4468 975 4523 Exulem
987 4464 1053 4527 cod.
1068 4467 1178 4528 latua.
