3742 5667
606 819 669 876 vll:
690 821 741 875 DE
759 818 871 877 LOUlS
891 821 938 878 Lll
959 819 1069 878 GROS.
1331 823 1369 877 29

307 951 453 1048 plicant;
490 950 694 1047 naufragari
720 947 849 1022 urbem
865 965 903 1022 et
923 951 1121 1042 ecclesiam,
1152 951 1228 1024 imo
1253 976 1370 1051 ipsum

307 1065 496 1138 dominum
509 1091 655 1165 papam,
674 1065 703 1138 si
715 1090 789 1138 non
801 1067 873 1138 cito
884 1067 1127 1157 subvenerint,
1137 1067 1371 1164 jurejurando

306 1183 554 1281 pronuntiant.
575 1187 717 1256 Haerent
726 1183 918 1282 principes,
938 1182 1080 1280 etquid
1095 1182 1240 1278 eligant,
1256 1208 1303 1254 an
1313 1209 1372 1255 ex-

306 1297 529 1398 peditionem
543 1314 679 1372 tantam
696 1313 820 1372 ettam
843 1312 1092 1397 sumptuosam
1115 1298 1372 1398 irrecuperabi-

304 1415 383 1488 liter
396 1418 583 1508 0mittant,
613 1442 658 1489 an
679 1416 870 1489 dominum
885 1441 1032 1514 papam,
1059 1416 1188 1489 urbem
1208 1431 1244 1488 et
1265 1416 1373 1488 eccle-

306 1535 393 1606 siam
407 1535 582 1624 ancillari,
603 1535 677 1607 imo
692 1535 893 1630 naufragari
909 1535 1120 1608 sustineant.
1134 1533 1371 1633 Cumquehac

306 1651 538 1724 anxiarentur
557 1650 829 1741 deliberatione,
864 1649 936 1722 hoc
955 1649 1290 1724 excellentissimum
1312 1649 1372 1721 eli·
1497 1681 1505 1692 ·

306 1771 430 1861 gunt¹:
448 1767 548 1840 istud
566 1767 682 1840 lacere
696 1781 731 1840 et
751 1765 837 1839 illud
860 1790 933 1838 non
953 1767 1134 1838 omittere·
1155 1764 1368 1840 deliberant.

306 1883 441 1956 Relicto
460 1881 640 1981 siquidem
655 1883 836 1956 obsidioni
851 1882 1075 1974 Boamundo,
1094 1895 1195 1982 pater
1225 1883 1262 1954 in
1280 1885 1373 1980 Apu·

306 1997 390 2070 liam
402 1997 671 2071 transfretando
686 2021 879 2094 regressus,
897 1997 1150 2095 undecumque
1173 1997 1305 2096 potuit,
1326 1994 1371 2069 de

307 2113 436 2204 Sicilia,
446 2116 573 2213 Apulia
585 2112 791 2186 etCalabria
802 2114 1112 2212 atqueCampania
1122 2115 1262 2185 viroset
1273 2136 1373 2184 arma

307 2227 464 2324 collegit,
474 2228 976 2327 ettampromptissimequam
984 2227 1373 2300 audacissimeltomam

308 2343 529 2417 acceleravit.
550 2343 651 2416 Unde
669 2343 789 2415 divina
804 2341 1140 2440 voluntateetquasi
1162 2357 1373 2443 portentum

309 2460 472 2533 mirabile
501 2461 661 2558 contigit,
690 2475 732 2531 ut
759 2483 844 2530 cum
866 2459 930 2530 iste
949 2464 1113 2550 Romam,
1131 2473 1167 2531 et
1180 2460 1374 2558 imperator

310 2575 736 2676 Constantinopolitanus,
762 2572 884 2647 audita
908 2574 1056 2646 Roberti
1082 2574 1256 2666 absentia,
1287 2573 1377 2645 adu·

310 2707 391 2765 nato
413 2699 623 2766 Graecorum
638 2693 808 2783 exercitu,
829 2689 874 2763 ad
896 2691 1174 2789 expugnandum
1196 2696 1375 2762 Boamun-

311 2809 409 2900 dum,
432 2809 656 2881 Durachium
682 2823 755 2879 tam
785 2821 881 2878 terra
895 2830 1005 2903 quam
1023 2805 1114 2876 mari
1127 2803 1372 2902 applicuisset,

315 2951 380 2996 una
396 2941 434 2998 et
450 2925 577 2998 eadem
594 2923 653 2996 die
663 2937 766 3022 pater
777 2920 1150 2995 Guischardusllomae
1163 2943 1248 2991 cum
1260 2919 1374 3018 impe·

315 3056 427 3114 ratore
451 3040 700 3138 congrediens,
728 3039 787 3111 ille
802 3062 887 3110 cum
915 3039 1120 3110 Graecorum
1160 3035 1376 3134 imperatore

316 3173 453 3230 strenue
498 3157 706 3252 confligens,
747 3170 898 3252 uterque
926 3152 1094 3250 princeps
1126 3150 1171 3223 de
1219 3167 1374 3249 utroque

317 3275 528 3372 imperatore
547 3271 725 3371 (mirabile
740 3269 853 3368 dictu)
870 3267 1136 3367 triumphavit⁸.

360 3389 500 3464 Prmfati
525 3389 632 3486 igitur
656 3386 857 3460 Boamundi
878 3385 926 3459 ad
947 3399 1066 3484 partes
1093 3384 1176 3456 istas
1197 3383 1374 3458 adventus

320 3698 458 3760 codicibus
477 3697 598 3758 forsitan
615 3694 770 3776 legendum
791 3699 1005 3767 crescentiana,
1019 3693 1037 3751 a
1052 3689 1218 3752 crescentio
1239 3701 1375 3768 tyranno,

321 3791 396 3874 hujus
416 3794 506 3852 turris
527 3791 657 3864 domino,
677 3789 729 3870 qui
746 3787 801 3848 sub
823 3792 900 3869 papa
924 3785 1065 3865 Gregorio
1084 3790 1120 3862 V,
1140 3786 1177 3844 ab
1201 3784 1377 3864 imperatore

324 3885 427 3946 Othone
438 3889 483 3946 m
498 3884 621 3945 interfici
636 3881 735 3964 jussus
753 3893 807 3955 est,
823 3899 900 3940 anno
919 3883 989 3940 998.
1009 3881 1080 3954 Quae
1094 3878 1183 3938 turn's
1200 3875 1376 3955 nuncvulgd

325 3991 432 4039 roratur
444 3983 640 4056 Salat-Ange.

359 4083 388 4139 l.
408 4081 527 4156 Eligant
540 4077 621 4136 deest
638 4073 669 4134 in
684 4072 750 4134 cod.
764 4077 833 4150 135,
850 4073 977 4150 itemque
987 4069 1017 4129 in
1030 4069 1098 4131 edd.
1114 4070 1213 4131 Germ.
1227 4081 1256 4130 et
1268 4068 1376 4133 Chesn.

360 4173 388 4231 2.
408 4169 571 4231 Meminisse
597 4167 713 4229 videtur
739 4165 877 4246 sugerius
898 4162 1026 4226 natthaei
1051 4167 1176 4244 Erang„
1199 4184 1264 4245 cap.
1288 4183 1375 4236 xxm,

329 4283 355 4324 r.
366 4267 412 4340 23,
424 4263 453 4324 in
465 4285 525 4344 quo
536 4264 672 4344 leguntur
689 4287 696 4325 ι
715 4269 783 4324 Hac
792 4267 914 4340 oportuit
930 4262 1040 4338 facere,
1054 4273 1082 4318 et
1096 4263 1149 4318 itta
1164 4280 1219 4317 non
1237 4264 1374 4318 omittere.

363 4362 389 4418 3.
408 4361 470 4418 Non
485 4358 681 4418 Alexandrum
699 4359 747 4430 ll,
762 4357 813 4415 sed
826 4353 891 4436 ejus
910 4371 1105 4414 successorem
1123 4352 1297 4434 Gregorium
1310 4354 1377 4426 vu,

331 4453 361 4510 ab
382 4451 550 4533 imperatore
561 4451 688 4512 Henrico
701 4453 739 4511 lv
751 4451 911 4520 obsessum,
927 4447 1104 4508 Guiscardus
1123 4446 1270 4520 liberavit,
1288 4445 1377 4524 idque

234 4623 239 4632 ,
333 4549 480 4608 mnotosst
493 4545 684 4626 (Benedict.).
