3742 5667
698 767 761 828 vlu
778 769 830 826 DE
850 769 987 830 SUGER.
1314 771 1372 828 399

297 901 533 974 Francorum
553 899 678 973 militia
694 900 753 973 alii
769 899 916 998 quidem
929 900 988 973 vel
1004 900 1101 974 serro
1116 900 1172 974 vel
1190 900 1285 975 tame
1307 901 1374 973 mi·

296 1011 511 1090 serabiliter
533 1014 756 1104 cecidissent,
782 1014 872 1090 alios
889 1039 975 1088 vero
997 1017 1130 1088 reuerti
1154 1015 1299 1090 vidisset
1317 1017 1374 1088 in-

297 1128 458 1226 glorios.
479 1129 581 1204 Unde
594 1131 677 1204 satis
697 1147 774 1204 erat
790 1131 975 1221 sollicitus,
992 1155 1037 1202 ne
1061 1129 1169 1227 hujus
1188 1131 1375 1204 infortunii

299 1247 500 1318 occasione
530 1245 715 1318 christiani
748 1247 905 1318 nominis
943 1245 983 1316 in
1017 1245 1163 1318 Oriente
1195 1244 1376 1345 deperiret

299 1361 437 1457 gloria,
462 1377 499 1435 et
518 1362 598 1435 loca
622 1376 743 1434 sancta
763 1359 969 1434 infidelibus
983 1359 1228 1434 conculcanda
1253 1360 1376 1433 trade-

300 1491 450 1550 rentur.
463 1477 638 1578 Epistolas
651 1477 786 1575 quippe
802 1477 1058 1548 transmarinas
1072 1501 1093 1548 a
1113 1501 1193 1573 rege
1211 1476 1377 1549 Hieroso-

301 1593 497 1690 lymorum
511 1592 566 1664 vel
582 1591 784 1690 patriarcha
794 1591 1020 1665 Antiocheno
1033 1607 1232 1691 acceperat,
1242 1579 1376 1691 quibus

301 1708 415 1782 illum
433 1709 480 1782 ad
495 1706 779 1780 subveniendum
792 1707 861 1780 sibi
874 1705 1143 1780 lacrimabiliter
1158 1707 1373 1800 invitabant,

302 1839 509 1898 asserentes
539 1823 658 1896 occiso
690 1824 852 1922 principe
889 1846 1035 1896 crucem
1064 1823 1255 1896 Salvatoris
1282 1826 1377 1898 intra

303 1939 539 2013 Antiochiam
555 1963 577 2012 a
592 1939 794 2012 Sarracenis
801 1937 991 2032 inclusam,
1007 1937 1219 2038 urbemque,
1238 1940 1305 2012 nisi
1319 1965 1376 2014 ce·

305 2053 421 2128 letius
434 2054 502 2128 sibi
516 2051 779 2144 subveniretur,
790 2051 967 2127 deditioni
977 2055 1192 2155 proximam.
1209 2053 1376 2127 llisdem¹

305 2170 574 2243 nihilhominus
590 2167 730 2261 diebus,
746 2169 925 2265 Eugenius
938 2194 1031 2269 papa
1042 2171 1173 2269 scn'pta
1187 2169 1238 2242 illi
1249 2167 1378 2242 direxit

306 2286 522 2385 apostolica,
549 2300 586 2358 et
607 2309 676 2383 pro
694 2286 892 2358 reverentia
917 2283 1128 2376 obsecrans,
1153 2299 1190 2359 et
1208 2309 1277 2384 pro
1291 2309 1378 2356 auc·

306 2403 458 2475 toritate
494 2401 676 2500 imperans
700 2415 755 2494 ut,
779 2400 979 2474 secundum
1005 2399 1125 2473 datam
1155 2425 1177 2472 a
1198 2403 1277 2472 Deo
1307 2399 1375 2472 sihi

307 2515 538 2614 sapientiam,
572 2515 749 2588 Orientali
771 2514 926 2588 ecclesiae
947 2513 1192 2588 subveniendo
1214 2515 1379 2587 consule-

307 2645 379 2724 ret,
405 2647 443 2705 et
463 2631 740 2704 christianorum
766 2631 899 2728 quibus
921 2646 1042 2729 posset
1079 2630 1198 2703 modis
1220 2632 1377 2704 auferret

308 2745 564 2846 opprobrium.
583 2751 657 2818 Hac
678 2746 786 2841 igitur
807 2759 1023 2844 provocatus
1045 2747 1270 2834 necessitate,
1284 2769 1376 2843 prae-

309 2863 438 2934 sertim
453 2886 537 2935 eum
550 2860 653 2934 illum
669 2875 705 2932 et
720 2861 914 2960 apostolica
927 2859 1041 2957 jussio
1062 2876 1202 2956 urgeret
1215 2875 1252 2932 et
1269 2859 1377 2932 robo-

309 2993 408 3052 raret
423 2978 626 3068 auctoritas,
647 2977 724 3049 iniit
745 3001 830 3049 cum
849 2977 980 3074 pietate
998 2977 1203 3068 consilium,
1221 2976 1377 3074 qualiter

312 3107 351 3165 et
373 3093 658 3192 periclitantibus
679 3115 787 3190 opem
809 3091 917 3164 ferret
939 3107 975 3166 et
999 3092 1167 3187 injuriam
1193 3094 1310 3165 crucis
1337 3093 1376 3164 in

312 3207 469 3282 nefarios
484 3221 722 3305 retorqueret.
739 3213 784 3279 Et
799 3206 873 3302 regi
889 3207 1038 3305 quidem
1051 3212 1270 3280 Francorum
1290 3231 1375 3305 par·

311 3323 471 3398 cendum
494 3323 660 3421 judicans
689 3324 747 3396 vel
771 3347 920 3396 reversae
947 3346 1065 3421 nuper
1089 3324 1243 3414 militiae,
1275 3324 1375 3422 quod

312 3440 372 3512 vix
391 3438 577 3538 paululum
594 3439 839 3539 respirassent,
863 3455 1080 3512 convocatos
1093 3464 1203 3538 snper
1216 3440 1287 3512 hoc
1312 3463 1375 3511 ne·

313 3557 412 3654 gotio
441 3557 540 3654 regni
567 3556 736 3628 convenit
776 3556 977 3654 episcopos,
1007 3555 1201 3628 exhortans
1233 3555 1312 3628 illos
1339 3569 1377 3627 et

314 3673 476 3745 animans
499 3671 546 3744 ad
568 3670 853 3770 praesumendam
879 3694 1002 3743 secum
1026 3671 1185 3742 victoriae
1207 3669 1372 3765 gloriam,

314 3813 393 3886 quae
410 3786 667 3886 potentissimis
679 3783 822 3882 regibus
838 3809 912 3857 nou
927 3785 1052 3859 fuisset
1067 3809 1246 3858 concessa.
1267 3783 1374 3873 Quod

273 3907 278 3916 ’
313 3927 398 3976 cum
415 3903 544 3974 lrustra
557 3902 663 3976 tertio
684 3917 940 4002 attemptasset,
958 3917 1106 4002 accepto
1124 3899 1227 3998 gustu
1249 3901 1375 3974 sormi·

314 4018 408 4091 dinis
428 4032 464 4090 et
479 4017 626 4116 ignaviae
647 4017 804 4111 illorum,
827 4017 977 4114 dignum
998 4016 1234 4119 nihilominus
1258 4017 1373 4107 duxit,

313 4133 532 4208 cessantibus
560 4133 650 4222 aliis,
679 4136 763 4233 per¹
787 4159 825 4208 se
847 4132 1027 4208 laudabile
1049 4148 1177 4207 votum
1208 4133 1372 4232 implere.

355 4417 385 4474 l.
401 4415 508 4472 Iisdem
521 4411 570 4472 ed.
585 4408 733 4472 Benedict.

354 4508 385 4568 2.
396 4506 530 4568 Percod.
545 4525 647 4571 ns.-
659 4507 734 4584 Pru,
746 4505 894 4584 mendose,
907 4515 966 4566 tres
978 4503 1148 4586 supradicte
1160 4503 1229 4566 edd.
