<?xml version="1.0" encoding="UTF-8"?>
<!DOCTYPE html PUBLIC "-//W3C//DTD XHTML 1.0 Transitional//EN"
    "http://www.w3.org/TR/xhtml1/DTD/xhtml1-transitional.dtd">
<html xmlns="http://www.w3.org/1999/xhtml" xml:lang="en" lang="en">
 <head>
  <title>
</title>
<meta http-equiv="Content-Type" content="text/html;charset=utf-8" />
  <meta name='ocr-system' content='tesseract 3.04.00' />
  <meta name='ocr-capabilities' content='ocr_page ocr_carea ocr_par ocr_line ocrx_word'/>
</head>
<body>
  <div class='ocr_page' id='page_1' title='image "./oeuvrescompltes00sugegoog_0430.png"; bbox 0 0 3742 5667; ppageno 0'>
   <div class='ocr_carea' id='block_1_1' title="bbox 469 723 1312 804">
    <p class='ocr_par' dir='ltr' id='par_1_1' title="bbox 469 723 1312 804">
     <span class='ocr_line' id='line_1_1' title="bbox 469 723 1312 804; baseline -0.009 0"><span class='ocrx_word' id='word_1_1' title='bbox 469 747 527 804; x_wconf 80' lang='lat' dir='ltr'><strong>soe</strong></span> <span class='ocrx_word' id='word_1_2' title='bbox 687 741 852 802; x_wconf 79' lang='lat' dir='ltr'><strong>morans</strong></span> <span class='ocrx_word' id='word_1_3' title='bbox 871 723 1086 802; x_wconf 73' lang='lat' dir='ltr'><strong>morsurus</strong></span> <span class='ocrx_word' id='word_1_4' title='bbox 1105 741 1157 797; x_wconf 87' lang='lat' dir='ltr'><strong>nn</strong></span> <span class='ocrx_word' id='word_1_5' title='bbox 1177 739 1312 797; x_wconf 83' lang='lat' dir='ltr'><strong>suom.</strong></span> 
     </span>
    </p>
   </div>
   <div class='ocr_carea' id='block_1_2' title="bbox 466 871 1552 4211">
    <p class='ocr_par' dir='ltr' id='par_1_2' title="bbox 466 871 1552 4211">
     <span class='ocr_line' id='line_1_2' title="bbox 467 871 1524 977; baseline -0.006 -27"><span class='ocrx_word' id='word_1_6' title='bbox 467 875 657 977; x_wconf 88' lang='lat' dir='ltr'><strong>pinquanti</strong></span> <span class='ocrx_word' id='word_1_7' title='bbox 677 875 752 974; x_wconf 89' lang='lat' dir='ltr'><strong>jam</strong></span> <span class='ocrx_word' id='word_1_8' title='bbox 777 874 896 949; x_wconf 91' lang='lat' dir='ltr'><strong>dictus</strong></span> <span class='ocrx_word' id='word_1_9' title='bbox 919 897 1091 947; x_wconf 87' lang='lat' dir='ltr'><strong>romanus</strong></span> <span class='ocrx_word' id='word_1_10' title='bbox 1115 872 1327 945; x_wconf 85' lang='lat' dir='ltr'><strong>occurrisset</strong></span> <span class='ocrx_word' id='word_1_11' title='bbox 1347 871 1524 961; x_wconf 78' lang='lat' dir='ltr'><strong>Pontifex,</strong></span> 
     </span>
     <span class='ocr_line' id='line_1_3' title="bbox 469 986 1526 1091; baseline -0.006 -27"><span class='ocrx_word' id='word_1_12' title='bbox 469 993 562 1066; x_wconf 89' lang='lat' dir='ltr'><strong>inter</strong></span> <span class='ocrx_word' id='word_1_13' title='bbox 578 992 692 1091; x_wconf 89' lang='lat' dir='ltr'><strong>prima</strong></span> <span class='ocrx_word' id='word_1_14' title='bbox 714 991 834 1065; x_wconf 87' lang='lat' dir='ltr'><strong>statim</strong></span> <span class='ocrx_word' id='word_1_15' title='bbox 853 1005 988 1064; x_wconf 86' lang='lat' dir='ltr'><strong>mutuae</strong></span> <span class='ocrx_word' id='word_1_16' title='bbox 1010 987 1309 1063; x_wconf 82' lang='lat' dir='ltr'><strong>confabulationis</strong></span> <span class='ocrx_word' id='word_1_17' title='bbox 1326 986 1457 1078; x_wconf 84' lang='lat' dir='ltr'><strong>verba,</strong></span> <span class='ocrx_word' id='word_1_18' title='bbox 1477 987 1526 1059; x_wconf 82' lang='lat' dir='ltr'><strong>iu</strong></span> 
     </span>
     <span class='ocr_line' id='line_1_4' title="bbox 470 1101 1529 1205; baseline -0.004 -27"><span class='ocrx_word' id='word_1_19' title='bbox 470 1105 568 1180; x_wconf 92' lang='lat' dir='ltr'><strong>huuc</strong></span> <span class='ocrx_word' id='word_1_20' title='bbox 588 1108 661 1204; x_wconf 86' lang='lat' dir='ltr'><strong>regi</strong></span> <span class='ocrx_word' id='word_1_21' title='bbox 683 1106 869 1204; x_wconf 86' lang='lat' dir='ltr'><strong>magnifice</strong></span> <span class='ocrx_word' id='word_1_22' title='bbox 892 1129 961 1205; x_wconf 92' lang='lat' dir='ltr'><strong>pro</strong></span> <span class='ocrx_word' id='word_1_23' title='bbox 986 1106 1122 1178; x_wconf 87' lang='lat' dir='ltr'><strong>meritis</strong></span> <span class='ocrx_word' id='word_1_24' title='bbox 1148 1128 1242 1204; x_wconf 91' lang='lat' dir='ltr'><strong>papa</strong></span> <span class='ocrx_word' id='word_1_25' title='bbox 1272 1101 1529 1177; x_wconf 86' lang='lat' dir='ltr'><strong>commendare</strong></span> 
     </span>
     <span class='ocr_line' id='line_1_5' title="bbox 466 1218 1528 1319; baseline -0.005 -26"><span class='ocrx_word' id='word_1_26' title='bbox 466 1220 618 1312; x_wconf 86' lang='lat' dir='ltr'><strong>studuit,</strong></span> <span class='ocrx_word' id='word_1_27' title='bbox 636 1235 677 1294; x_wconf 92' lang='lat' dir='ltr'><strong>ut</strong></span> <span class='ocrx_word' id='word_1_28' title='bbox 692 1220 828 1318; x_wconf 84' lang='lat' dir='ltr'>linguas</span> <span class='ocrx_word' id='word_1_29' title='bbox 838 1219 1118 1293; x_wconf 80' lang='lat' dir='ltr'><strong>obtrectantium</strong></span> <span class='ocrx_word' id='word_1_30' title='bbox 1130 1218 1528 1319; x_wconf 83' lang='lat' dir='ltr'><strong>prorsusoonsoderet¹,</strong></span> 
     </span>
     <span class='ocr_line' id='line_1_6' title="bbox 471 1334 1535 1434; baseline -0.003 -25"><span class='ocrx_word' id='word_1_31' title='bbox 471 1352 508 1409; x_wconf 93' lang='lat' dir='ltr'><strong>et</strong></span> <span class='ocrx_word' id='word_1_32' title='bbox 519 1334 709 1408; x_wconf 82' lang='lat' dir='ltr'><strong>mendaces</strong></span> <span class='ocrx_word' id='word_1_33' title='bbox 721 1335 800 1408; x_wconf 94' lang='lat' dir='ltr'><strong>illos</strong></span> <span class='ocrx_word' id='word_1_34' title='bbox 813 1335 1029 1427; x_wconf 82' lang='lat' dir='ltr'><strong>ostenderet,</strong></span> <span class='ocrx_word' id='word_1_35' title='bbox 1047 1337 1110 1434; x_wconf 91' lang='lat' dir='ltr'><strong>qui</strong></span> <span class='ocrx_word' id='word_1_36' title='bbox 1125 1337 1244 1408; x_wconf 79' lang='lat' dir='ltr'><strong>virum</strong></span> <span class='ocrx_word' id='word_1_37' title='bbox 1260 1335 1440 1431; x_wconf 82' lang='lat' dir='ltr'><strong>egregium</strong></span> <span class='ocrx_word' id='word_1_38' title='bbox 1454 1357 1535 1406; x_wconf 86' lang='lat' dir='ltr'><strong>ma·</strong></span> 
     </span>
     <span class='ocr_line' id='line_1_7' title="bbox 473 1448 1532 1550; baseline -0.003 -25"><span class='ocrx_word' id='word_1_39' title='bbox 473 1451 593 1526; x_wconf 89' lang='lat' dir='ltr'><strong>culare</strong></span> <span class='ocrx_word' id='word_1_40' title='bbox 605 1465 641 1524; x_wconf 89' lang='lat' dir='ltr'><strong>et</strong></span> <span class='ocrx_word' id='word_1_41' title='bbox 657 1449 886 1550; x_wconf 86' lang='lat' dir='ltr'><strong>splendorem</strong></span> <span class='ocrx_word' id='word_1_42' title='bbox 908 1448 1002 1523; x_wconf 92' lang='lat' dir='ltr'><strong>illius</strong></span> <span class='ocrx_word' id='word_1_43' title='bbox 1018 1450 1207 1523; x_wconf 80' lang='lat' dir='ltr'><strong>obfuscare</strong></span> <span class='ocrx_word' id='word_1_44' title='bbox 1222 1450 1342 1524; x_wconf 90' lang='lat' dir='ltr'><strong>conati</strong></span> <span class='ocrx_word' id='word_1_45' title='bbox 1366 1465 1461 1523; x_wconf 89' lang='lat' dir='ltr'><strong>sunt.</strong></span> <span class='ocrx_word' id='word_1_46' title='bbox 1479 1453 1532 1522; x_wconf 91' lang='lat' dir='ltr'><strong>lta</strong></span> 
     </span>
     <span class='ocr_line' id='line_1_8' title="bbox 473 1561 1531 1658; baseline -0.002 -18"><span class='ocrx_word' id='word_1_47' title='bbox 473 1567 608 1640; x_wconf 83' lang='lat' dir='ltr'><strong>factum</strong></span> <span class='ocrx_word' id='word_1_48' title='bbox 618 1581 671 1640; x_wconf 87' lang='lat' dir='ltr'><strong>est</strong></span> <span class='ocrx_word' id='word_1_49' title='bbox 681 1579 721 1639; x_wconf 90' lang='lat' dir='ltr'><strong>ut</strong></span> <span class='ocrx_word' id='word_1_50' title='bbox 735 1566 833 1638; x_wconf 92' lang='lat' dir='ltr'><strong>huno</strong></span> <span class='ocrx_word' id='word_1_51' title='bbox 849 1565 984 1639; x_wconf 83' lang='lat' dir='ltr'><strong>invidia</strong></span> <span class='ocrx_word' id='word_1_52' title='bbox 999 1591 1073 1640; x_wconf 92' lang='lat' dir='ltr'><strong>non</strong></span> <span class='ocrx_word' id='word_1_53' title='bbox 1085 1567 1202 1641; x_wconf 89' lang='lat' dir='ltr'><strong>solum</strong></span> <span class='ocrx_word' id='word_1_54' title='bbox 1213 1590 1289 1641; x_wconf 90' lang='lat' dir='ltr'><strong>nou</strong></span> <span class='ocrx_word' id='word_1_55' title='bbox 1302 1561 1531 1658; x_wconf 59' lang='lat' dir='ltr'><strong>lademund</strong></span> 
     </span>
     <span class='ocr_line' id='line_1_9' title="bbox 474 1679 1537 1779; baseline -0.003 -24"><span class='ocrx_word' id='word_1_56' title='bbox 474 1695 511 1755; x_wconf 90' lang='lat' dir='ltr'><strong>et</strong></span> <span class='ocrx_word' id='word_1_57' title='bbox 523 1679 688 1754; x_wconf 82' lang='lat' dir='ltr'><strong>laudibus</strong></span> <span class='ocrx_word' id='word_1_58' title='bbox 703 1681 779 1779; x_wconf 87' lang='lat' dir='ltr'><strong>ejus</strong></span> <span class='ocrx_word' id='word_1_59' title='bbox 791 1683 1012 1755; x_wconf 82' lang='lat' dir='ltr'><strong>incrementa</strong></span> <span class='ocrx_word' id='word_1_60' title='bbox 1020 1682 1215 1756; x_wconf 83' lang='lat' dir='ltr'><strong>conferret.</strong></span> <span class='ocrx_word' id='word_1_61' title='bbox 1230 1686 1322 1755; x_wconf 87' lang='lat' dir='ltr'><strong>Nam</strong></span> <span class='ocrx_word' id='word_1_62' title='bbox 1332 1684 1422 1772; x_wconf 78' lang='lat' dir='ltr'><strong>rex&#39;,</strong></span> <span class='ocrx_word' id='word_1_63' title='bbox 1439 1680 1537 1753; x_wconf 83' lang='lat' dir='ltr'><strong>reri·</strong></span> 
     </span>
     <span class='ocr_line' id='line_1_10' title="bbox 475 1795 1536 1898; baseline -0.002 -28"><span class='ocrx_word' id='word_1_64' title='bbox 475 1812 548 1870; x_wconf 86' lang='lat' dir='ltr'><strong>tate</strong></span> <span class='ocrx_word' id='word_1_65' title='bbox 564 1813 760 1896; x_wconf 85' lang='lat' dir='ltr'><strong>comperta,</strong></span> <span class='ocrx_word' id='word_1_66' title='bbox 781 1812 816 1869; x_wconf 90' lang='lat' dir='ltr'><strong>et</strong></span> <span class='ocrx_word' id='word_1_67' title='bbox 838 1812 911 1870; x_wconf 90' lang='lat' dir='ltr'><strong>tam</strong></span> <span class='ocrx_word' id='word_1_68' title='bbox 930 1823 971 1870; x_wconf 80' lang='lat' dir='ltr'><strong>ex</strong></span> <span class='ocrx_word' id='word_1_69' title='bbox 994 1797 1165 1898; x_wconf 87' lang='lat' dir='ltr'><strong>operibus</strong></span> <span class='ocrx_word' id='word_1_70' title='bbox 1189 1823 1299 1897; x_wconf 89' lang='lat' dir='ltr'><strong>quarn</strong></span> <span class='ocrx_word' id='word_1_71' title='bbox 1322 1823 1422 1898; x_wconf 85' lang='lat' dir='ltr'><strong>papae</strong></span> <span class='ocrx_word' id='word_1_72' title='bbox 1441 1795 1536 1870; x_wconf 86' lang='lat' dir='ltr'><strong>testi·</strong></span> 
     </span>
     <span class='ocr_line' id='line_1_11' title="bbox 475 1912 1535 2014; baseline -0.004 -28"><span class='ocrx_word' id='word_1_73' title='bbox 475 1913 601 1986; x_wconf 92' lang='lat' dir='ltr'><strong>monio</strong></span> <span class='ocrx_word' id='word_1_74' title='bbox 612 1912 682 1985; x_wconf 89' lang='lat' dir='ltr'><strong>lide</strong></span> <span class='ocrx_word' id='word_1_75' title='bbox 698 1913 764 1985; x_wconf 85' lang='lat' dir='ltr'><strong>viri</strong></span> <span class='ocrx_word' id='word_1_76' title='bbox 782 1913 936 2009; x_wconf 86' lang='lat' dir='ltr'><strong>cognita,</strong></span> <span class='ocrx_word' id='word_1_77' title='bbox 955 1914 1163 1987; x_wconf 80' lang='lat' dir='ltr'><strong>ctmtbune⁸</strong></span> <span class='ocrx_word' id='word_1_78' title='bbox 1177 1929 1260 1988; x_wconf 89' lang='lat' dir='ltr'><strong>aute</strong></span> <span class='ocrx_word' id='word_1_79' title='bbox 1274 1912 1535 2014; x_wconf 85' lang='lat' dir='ltr'><strong>prosectionem</strong></span> 
     </span>
     <span class='ocr_line' id='line_1_12' title="bbox 475 2029 1536 2132; baseline -0.001 -29"><span class='ocrx_word' id='word_1_80' title='bbox 475 2029 671 2129; x_wconf 89' lang='lat' dir='ltr'><strong>plurimum</strong></span> <span class='ocrx_word' id='word_1_81' title='bbox 679 2030 868 2122; x_wconf 77' lang='lat' dir='ltr'><strong>dilexisset,</strong></span> <span class='ocrx_word' id='word_1_82' title='bbox 881 2033 981 2104; x_wconf 93' lang='lat' dir='ltr'><strong>omni</strong></span> <span class='ocrx_word' id='word_1_83' title='bbox 991 2033 1065 2129; x_wconf 85' lang='lat' dir='ltr'><strong>jam</strong></span> <span class='ocrx_word' id='word_1_84' title='bbox 1079 2033 1280 2132; x_wconf 85' lang='lat' dir='ltr'><strong>suspicione</strong></span> <span class='ocrx_word' id='word_1_85' title='bbox 1296 2030 1446 2121; x_wconf 89' lang='lat' dir='ltr'><strong>sublata,</strong></span> <span class='ocrx_word' id='word_1_86' title='bbox 1458 2055 1536 2102; x_wconf 90' lang='lat' dir='ltr'><strong>am·</strong></span> 
     </span>
     <span class='ocr_line' id='line_1_13' title="bbox 476 2145 1533 2247; baseline -0.003 -29"><span class='ocrx_word' id='word_1_87' title='bbox 476 2146 569 2247; x_wconf 92' lang='lat' dir='ltr'><strong>plius</strong></span> <span class='ocrx_word' id='word_1_88' title='bbox 578 2161 660 2246; x_wconf 88' lang='lat' dir='ltr'><strong>post</strong></span> <span class='ocrx_word' id='word_1_89' title='bbox 670 2145 838 2238; x_wconf 87' lang='lat' dir='ltr'><strong>reditum,</strong></span> <span class='ocrx_word' id='word_1_90' title='bbox 852 2163 890 2219; x_wconf 89' lang='lat' dir='ltr'><strong>ut</strong></span> <span class='ocrx_word' id='word_1_91' title='bbox 899 2146 1049 2243; x_wconf 82' lang='lat' dir='ltr'><strong>dignum</strong></span> <span class='ocrx_word' id='word_1_92' title='bbox 1057 2162 1144 2237; x_wconf 88' lang='lat' dir='ltr'><strong>erat,</strong></span> <span class='ocrx_word' id='word_1_93' title='bbox 1156 2146 1278 2220; x_wconf 87' lang='lat' dir='ltr'><strong>dilexit</strong></span> <span class='ocrx_word' id='word_1_94' title='bbox 1287 2161 1322 2218; x_wconf 89' lang='lat' dir='ltr'><strong>et</strong></span> <span class='ocrx_word' id='word_1_95' title='bbox 1328 2147 1533 2219; x_wconf 82' lang='lat' dir='ltr'><strong>bonoravit.</strong></span> 
     </span>
     <span class='ocr_line' id='line_1_14' title="bbox 477 2260 1538 2359; baseline -0.003 -25"><span class='ocrx_word' id='word_1_96' title='bbox 477 2261 612 2350; x_wconf 90' lang='lat' dir='ltr'><strong>Quidni</strong></span> <span class='ocrx_word' id='word_1_97' title='bbox 626 2260 807 2358; x_wconf 85' lang='lat' dir='ltr'><strong>diligeret?</strong></span> <span class='ocrx_word' id='word_1_98' title='bbox 820 2261 956 2351; x_wconf 90' lang='lat' dir='ltr'><strong>Quidni</strong></span> <span class='ocrx_word' id='word_1_99' title='bbox 966 2265 1067 2335; x_wconf 91' lang='lat' dir='ltr'><strong>omni</strong></span> <span class='ocrx_word' id='word_1_100' title='bbox 1078 2263 1217 2335; x_wconf 91' lang='lat' dir='ltr'><strong>bonore</strong></span> <span class='ocrx_word' id='word_1_101' title='bbox 1229 2262 1379 2359; x_wconf 87' lang='lat' dir='ltr'><strong>dignum</strong></span> <span class='ocrx_word' id='word_1_102' title='bbox 1390 2260 1538 2333; x_wconf 84' lang='lat' dir='ltr'><strong>haberet</strong></span> 
     </span>
     <span class='ocr_line' id='line_1_15' title="bbox 477 2375 1539 2475; baseline -0.004 -25"><span class='ocrx_word' id='word_1_103' title='bbox 477 2401 575 2471; x_wconf 86' lang='lat' dir='ltr'><strong>euru,</strong></span> <span class='ocrx_word' id='word_1_104' title='bbox 591 2378 653 2475; x_wconf 95' lang='lat' dir='ltr'><strong>qui</strong></span> <span class='ocrx_word' id='word_1_105' title='bbox 665 2402 786 2450; x_wconf 88' lang='lat' dir='ltr'><strong>rerum</strong></span> <span class='ocrx_word' id='word_1_106' title='bbox 797 2403 977 2451; x_wconf 87' lang='lat' dir='ltr'><strong>summam</strong></span> <span class='ocrx_word' id='word_1_107' title='bbox 986 2379 1055 2451; x_wconf 90' lang='lat' dir='ltr'><strong>sibi</strong></span> <span class='ocrx_word' id='word_1_108' title='bbox 1063 2378 1238 2452; x_wconf 86' lang='lat' dir='ltr'><strong>creditam</strong></span> <span class='ocrx_word' id='word_1_109' title='bbox 1249 2393 1393 2450; x_wconf 88' lang='lat' dir='ltr'><strong>strenue</strong></span> <span class='ocrx_word' id='word_1_110' title='bbox 1402 2390 1438 2448; x_wconf 90' lang='lat' dir='ltr'><strong>et</strong></span> <span class='ocrx_word' id='word_1_111' title='bbox 1452 2375 1539 2447; x_wconf 87' lang='lat' dir='ltr'><strong>fide·</strong></span> 
     </span>
     <span class='ocr_line' id='line_1_16' title="bbox 473 2491 1540 2593; baseline -0.002 -28"><span class='ocrx_word' id='word_1_112' title='bbox 473 2491 669 2584; x_wconf 61' lang='lat' dir='ltr'><strong>&#39;lilerrexit</strong></span> <span class='ocrx_word' id='word_1_113' title='bbox 681 2508 973 2593; x_wconf 85' lang='lat' dir='ltr'><strong>atquecumpace</strong></span> <span class='ocrx_word' id='word_1_114' title='bbox 982 2509 1017 2566; x_wconf 94' lang='lat' dir='ltr'><strong>et</strong></span> <span class='ocrx_word' id='word_1_115' title='bbox 1029 2493 1229 2590; x_wconf 83' lang='lat' dir='ltr'><strong>integritate</strong></span> <span class='ocrx_word' id='word_1_116' title='bbox 1241 2494 1406 2590; x_wconf 80' lang='lat' dir='ltr'><strong>regnum‘</strong></span> <span class='ocrx_word' id='word_1_117' title='bbox 1416 2515 1540 2564; x_wconf 88' lang='lat' dir='ltr'><strong>recon-</strong></span> 
     </span>
     <span class='ocr_line' id='line_1_17' title="bbox 479 2607 1540 2708; baseline -0.002 -28"><span class='ocrx_word' id='word_1_118' title='bbox 479 2609 649 2705; x_wconf 77' lang='lat' dir='ltr'><strong>signavit?</strong></span> <span class='ocrx_word' id='word_1_119' title='bbox 660 2607 793 2696; x_wconf 90' lang='lat' dir='ltr'><strong>Quidni</strong></span> <span class='ocrx_word' id='word_1_120' title='bbox 807 2633 880 2708; x_wconf 73' lang='lat' dir='ltr'><strong>prae</strong></span> <span class='ocrx_word' id='word_1_121' title='bbox 891 2612 1031 2681; x_wconf 88' lang='lat' dir='ltr'><strong>cunetis</strong></span> <span class='ocrx_word' id='word_1_122' title='bbox 1040 2635 1077 2681; x_wconf 91' lang='lat' dir='ltr'><strong>se</strong></span> <span class='ocrx_word' id='word_1_123' title='bbox 1090 2608 1141 2680; x_wconf 93' lang='lat' dir='ltr'><strong>illi</strong></span> <span class='ocrx_word' id='word_1_124' title='bbox 1155 2609 1330 2698; x_wconf 89' lang='lat' dir='ltr'><strong>erederet,</strong></span> <span class='ocrx_word' id='word_1_125' title='bbox 1343 2631 1453 2707; x_wconf 89' lang='lat' dir='ltr'><strong>quem</strong></span> <span class='ocrx_word' id='word_1_126' title='bbox 1468 2631 1540 2706; x_wconf 70' lang='lat' dir='ltr'><strong>prm</strong></span> 
     </span>
     <span class='ocr_line' id='line_1_18' title="bbox 480 2721 1542 2822; baseline 0 -28"><span class='ocrx_word' id='word_1_127' title='bbox 480 2721 1542 2822; x_wconf 76' lang='lat' dir='ltr'><strong>ceterisfidelemprobavitissilexitrevera‚dilexit,etquan·</strong></span> 
     </span>
     <span class='ocr_line' id='line_1_19' title="bbox 479 2837 1543 2938; baseline -0.003 -27"><span class='ocrx_word' id='word_1_128' title='bbox 479 2853 560 2912; x_wconf 90' lang='lat' dir='ltr'><strong>tum</strong></span> <span class='ocrx_word' id='word_1_129' title='bbox 590 2837 754 2910; x_wconf 88' lang='lat' dir='ltr'><strong>dilexerit</strong></span> <span class='ocrx_word' id='word_1_130' title='bbox 768 2837 935 2938; x_wconf 88' lang='lat' dir='ltr'><strong>probavit</strong></span> <span class='ocrx_word' id='word_1_131' title='bbox 948 2840 1073 2911; x_wconf 85' lang='lat' dir='ltr'><strong>exitus.</strong></span> <span class='ocrx_word' id='word_1_132' title='bbox 1093 2845 1193 2924; x_wconf 87' lang='lat' dir='ltr'><strong>Nam,</strong></span> <span class='ocrx_word' id='word_1_133' title='bbox 1209 2840 1301 2912; x_wconf 89' lang='lat' dir='ltr'><strong>sicut</strong></span> <span class='ocrx_word' id='word_1_134' title='bbox 1314 2853 1448 2911; x_wconf 90' lang='lat' dir='ltr'><strong>norunt</strong></span> <span class='ocrx_word' id='word_1_135' title='bbox 1461 2837 1543 2937; x_wconf 91' lang='lat' dir='ltr'><strong>plu·</strong></span> 
     </span>
     <span class='ocr_line' id='line_1_20' title="bbox 481 2953 1544 3052; baseline -0.002 -26"><span class='ocrx_word' id='word_1_136' title='bbox 481 2953 577 3045; x_wconf 85' lang='lat' dir='ltr'><strong>rimi,</strong></span> <span class='ocrx_word' id='word_1_137' title='bbox 591 2969 627 3026; x_wconf 92' lang='lat' dir='ltr'><strong>et</strong></span> <span class='ocrx_word' id='word_1_138' title='bbox 635 2953 719 3026; x_wconf 79' lang='lat' dir='ltr'><strong>rivo</strong></span> <span class='ocrx_word' id='word_1_139' title='bbox 732 2967 768 3025; x_wconf 86' lang='lat' dir='ltr'><strong>et</strong></span> <span class='ocrx_word' id='word_1_140' title='bbox 778 2968 923 3026; x_wconf 89' lang='lat' dir='ltr'><strong>mortuo</strong></span> <span class='ocrx_word' id='word_1_141' title='bbox 935 2956 1082 3050; x_wconf 81' lang='lat' dir='ltr'><strong>gratiam</strong></span> <span class='ocrx_word' id='word_1_142' title='bbox 1093 2955 1227 3028; x_wconf 87' lang='lat' dir='ltr'><strong>retulit.</strong></span> <span class='ocrx_word' id='word_1_143' title='bbox 1242 2959 1292 3025; x_wconf 84' lang='lat' dir='ltr'><strong>Ex</strong></span> <span class='ocrx_word' id='word_1_144' title='bbox 1303 2953 1365 3026; x_wconf 90' lang='lat' dir='ltr'><strong>illo</strong></span> <span class='ocrx_word' id='word_1_145' title='bbox 1370 2955 1446 3052; x_wconf 89' lang='lat' dir='ltr'><strong>jam</strong></span> <span class='ocrx_word' id='word_1_146' title='bbox 1455 2967 1544 3025; x_wconf 85' lang='lat' dir='ltr'><strong>tem·</strong></span> 
     </span>
     <span class='ocr_line' id='line_1_21' title="bbox 481 3068 1543 3169; baseline -0.002 -29"><span class='ocrx_word' id='word_1_147' title='bbox 481 3093 583 3168; x_wconf 90' lang='lat' dir='ltr'><strong>pore,</strong></span> <span class='ocrx_word' id='word_1_148' title='bbox 603 3083 677 3140; x_wconf 85' lang='lat' dir='ltr'><strong>tam</strong></span> <span class='ocrx_word' id='word_1_149' title='bbox 690 3093 713 3140; x_wconf 91' lang='lat' dir='ltr'><strong>a</strong></span> <span class='ocrx_word' id='word_1_150' title='bbox 722 3069 860 3168; x_wconf 91' lang='lat' dir='ltr'><strong>populo</strong></span> <span class='ocrx_word' id='word_1_151' title='bbox 875 3095 985 3167; x_wconf 86' lang='lat' dir='ltr'><strong>quam</strong></span> <span class='ocrx_word' id='word_1_152' title='bbox 997 3069 1159 3169; x_wconf 91' lang='lat' dir='ltr'><strong>principe</strong></span> <span class='ocrx_word' id='word_1_153' title='bbox 1169 3085 1271 3169; x_wconf 85' lang='lat' dir='ltr'><strong>pater</strong></span> <span class='ocrx_word' id='word_1_154' title='bbox 1283 3068 1482 3169; x_wconf 88' lang='lat' dir='ltr'><strong>appellatus</strong></span> <span class='ocrx_word' id='word_1_155' title='bbox 1491 3080 1543 3140; x_wconf 89' lang='lat' dir='ltr'><strong>est</strong></span> 
     </span>
     <span class='ocr_line' id='line_1_22' title="bbox 481 3182 1545 3285; baseline -0.001 -29"><span class='ocrx_word' id='word_1_156' title='bbox 481 3183 614 3282; x_wconf 86' lang='lat' dir='ltr'><strong>patriae,</strong></span> <span class='ocrx_word' id='word_1_157' title='bbox 631 3200 668 3257; x_wconf 92' lang='lat' dir='ltr'><strong>et</strong></span> <span class='ocrx_word' id='word_1_158' title='bbox 679 3183 725 3256; x_wconf 91' lang='lat' dir='ltr'><strong>ab</strong></span> <span class='ocrx_word' id='word_1_159' title='bbox 741 3185 909 3257; x_wconf 91' lang='lat' dir='ltr'><strong>omnibus</strong></span> <span class='ocrx_word' id='word_1_160' title='bbox 922 3186 1055 3285; x_wconf 90' lang='lat' dir='ltr'><strong>pariter</strong></span> <span class='ocrx_word' id='word_1_161' title='bbox 1066 3187 1227 3260; x_wconf 78' lang='lat' dir='ltr'><strong>maximis</strong></span> <span class='ocrx_word' id='word_1_162' title='bbox 1239 3186 1452 3259; x_wconf 88' lang='lat' dir='ltr'><strong>meritorum</strong></span> <span class='ocrx_word' id='word_1_163' title='bbox 1461 3182 1545 3257; x_wconf 81' lang='lat' dir='ltr'><strong>elfe-</strong></span> 
     </span>
     <span class='ocr_line' id='line_1_23' title="bbox 483 3296 1546 3400; baseline 0.001 -29"><span class='ocrx_word' id='word_1_164' title='bbox 483 3296 630 3371; x_wconf 80' lang='lat' dir='ltr'><strong>rebatur</strong></span> <span class='ocrx_word' id='word_1_165' title='bbox 658 3299 782 3372; x_wconf 90' lang='lat' dir='ltr'><strong>titulis.</strong></span> <span class='ocrx_word' id='word_1_166' title='bbox 807 3299 985 3372; x_wconf 89' lang='lat' dir='ltr'><strong>Putabant</strong></span> <span class='ocrx_word' id='word_1_167' title='bbox 1009 3301 1157 3400; x_wconf 87' lang='lat' dir='ltr'><strong>plurimi</strong></span> <span class='ocrx_word' id='word_1_168' title='bbox 1174 3301 1274 3374; x_wconf 90' lang='lat' dir='ltr'><strong>hune</strong></span> <span class='ocrx_word' id='word_1_169' title='bbox 1292 3299 1344 3372; x_wconf 93' lang='lat' dir='ltr'><strong>illi</strong></span> <span class='ocrx_word' id='word_1_170' title='bbox 1371 3299 1546 3373; x_wconf 81' lang='lat' dir='ltr'><strong>felicitatis</strong></span> 
     </span>
     <span class='ocr_line' id='line_1_24' title="bbox 484 3411 1547 3510; baseline 0 -24"><span class='ocrx_word' id='word_1_171' title='bbox 484 3411 634 3510; x_wconf 84' lang='lat' dir='ltr'><strong>gradum</strong></span> <span class='ocrx_word' id='word_1_172' title='bbox 649 3413 816 3487; x_wconf 89' lang='lat' dir='ltr'><strong>debuisse</strong></span> <span class='ocrx_word' id='word_1_173' title='bbox 835 3415 1014 3507; x_wconf 87' lang='lat' dir='ltr'><strong>sufficere,</strong></span> <span class='ocrx_word' id='word_1_174' title='bbox 1033 3442 1102 3490; x_wconf 87' lang='lat' dir='ltr'><strong>nec</strong></span> <span class='ocrx_word' id='word_1_175' title='bbox 1121 3416 1226 3490; x_wconf 87' lang='lat' dir='ltr'><strong>altius</strong></span> <span class='ocrx_word' id='word_1_176' title='bbox 1239 3417 1341 3489; x_wconf 88' lang='lat' dir='ltr'><strong>illum</strong></span> <span class='ocrx_word' id='word_1_177' title='bbox 1356 3413 1547 3488; x_wconf 86' lang='lat' dir='ltr'><strong>ascendere</strong></span> 
     </span>
     <span class='ocr_line' id='line_1_25' title="bbox 485 3529 1547 3633; baseline 0.001 -31"><span class='ocrx_word' id='word_1_178' title='bbox 485 3529 1547 3633; x_wconf 72' lang='lat' dir='ltr'><strong>posseproliciendo.Sedquemadmodumpessimisquibus</strong></span> 
     </span>
     <span class='ocr_line' id='line_1_26' title="bbox 486 3643 1548 3746; baseline 0.001 -28"><span class='ocrx_word' id='word_1_179' title='bbox 486 3669 559 3742; x_wconf 89' lang='lat' dir='ltr'><strong>que</strong></span> <span class='ocrx_word' id='word_1_180' title='bbox 579 3644 701 3717; x_wconf 91' lang='lat' dir='ltr'><strong>nullus</strong></span> <span class='ocrx_word' id='word_1_181' title='bbox 726 3660 779 3718; x_wconf 90' lang='lat' dir='ltr'><strong>est</strong></span> <span class='ocrx_word' id='word_1_182' title='bbox 801 3643 1043 3721; x_wconf 90' lang='lat' dir='ltr'><strong>descensionis</strong></span> <span class='ocrx_word' id='word_1_183' title='bbox 1064 3650 1195 3746; x_wconf 84' lang='lat' dir='ltr'><strong>gradus</strong></span> <span class='ocrx_word' id='word_1_184' title='bbox 1213 3650 1376 3740; x_wconf 91' lang='lat' dir='ltr'><strong>ultimus,</strong></span> <span class='ocrx_word' id='word_1_185' title='bbox 1398 3648 1449 3720; x_wconf 89' lang='lat' dir='ltr'><strong>sie</strong></span> <span class='ocrx_word' id='word_1_186' title='bbox 1465 3646 1548 3719; x_wconf 84' lang='lat' dir='ltr'><strong>viris</strong></span> 
     </span>
     <span class='ocr_line' id='line_1_27' title="bbox 487 3759 1472 3862; baseline 0.005 -31"><span class='ocrx_word' id='word_1_187' title='bbox 487 3761 661 3832; x_wconf 90' lang='lat' dir='ltr'><strong>virtutum</strong></span> <span class='ocrx_word' id='word_1_188' title='bbox 677 3759 798 3833; x_wconf 89' lang='lat' dir='ltr'><strong>nullus</strong></span> <span class='ocrx_word' id='word_1_189' title='bbox 814 3775 867 3834; x_wconf 90' lang='lat' dir='ltr'><strong>est</strong></span> <span class='ocrx_word' id='word_1_190' title='bbox 883 3762 1098 3862; x_wconf 85' lang='lat' dir='ltr'><strong>proficiendi</strong></span> <span class='ocrx_word' id='word_1_191' title='bbox 1118 3765 1198 3838; x_wconf 83' lang='lat' dir='ltr'><strong>linis</strong></span> <span class='ocrx_word' id='word_1_192' title='bbox 1212 3764 1268 3838; x_wconf 84' lang='lat' dir='ltr'><strong>vel</strong></span> <span class='ocrx_word' id='word_1_193' title='bbox 1285 3763 1472 3837; x_wconf 89' lang='lat' dir='ltr'><strong>terminus.</strong></span> 
     </span>
     <span class='ocr_line' id='line_1_28' title="bbox 537 3873 1551 3976; baseline 0 -30"><span class='ocrx_word' id='word_1_194' title='bbox 537 3879 606 3946; x_wconf 88' lang='lat' dir='ltr'><strong>Per</strong></span> <span class='ocrx_word' id='word_1_195' title='bbox 638 3873 714 3948; x_wconf 90' lang='lat' dir='ltr'><strong>dies</strong></span> <span class='ocrx_word' id='word_1_196' title='bbox 740 3876 860 3975; x_wconf 91' lang='lat' dir='ltr'><strong>itaque</strong></span> <span class='ocrx_word' id='word_1_197' title='bbox 887 3876 1046 3973; x_wconf 87' lang='lat' dir='ltr'><strong>singulos</strong></span> <span class='ocrx_word' id='word_1_198' title='bbox 1085 3879 1140 3952; x_wconf 89' lang='lat' dir='ltr'><strong>vir</strong></span> <span class='ocrx_word' id='word_1_199' title='bbox 1172 3879 1318 3953; x_wconf 88' lang='lat' dir='ltr'><strong>illustris</strong></span> <span class='ocrx_word' id='word_1_200' title='bbox 1351 3875 1551 3976; x_wconf 82' lang='lat' dir='ltr'><strong>augebatur</strong></span> 
     </span>
     <span class='ocr_line' id='line_1_29' title="bbox 488 3990 1551 4092; baseline 0.003 -31"><span class='ocrx_word' id='word_1_201' title='bbox 488 3990 624 4082; x_wconf 83' lang='lat' dir='ltr'><strong>auimo,</strong></span> <span class='ocrx_word' id='word_1_202' title='bbox 641 3991 743 4089; x_wconf 91' lang='lat' dir='ltr'><strong>quod</strong></span> <span class='ocrx_word' id='word_1_203' title='bbox 758 4016 799 4065; x_wconf 88' lang='lat' dir='ltr'><strong>ex</strong></span> <span class='ocrx_word' id='word_1_204' title='bbox 820 3990 881 4064; x_wconf 90' lang='lat' dir='ltr'><strong>illa</strong></span> <span class='ocrx_word' id='word_1_205' title='bbox 903 3995 1199 4092; x_wconf 85' lang='lat' dir='ltr'><strong>peregrinationis</strong></span> <span class='ocrx_word' id='word_1_206' title='bbox 1219 3997 1277 4070; x_wconf 82' lang='lat' dir='ltr'><strong>via</strong></span> <span class='ocrx_word' id='word_1_207' title='bbox 1295 3995 1392 4069; x_wconf 85' lang='lat' dir='ltr'><strong>nulla</strong></span> <span class='ocrx_word' id='word_1_208' title='bbox 1409 3992 1551 4067; x_wconf 83' lang='lat' dir='ltr'><strong>virtutis</strong></span> 
     </span>
     <span class='ocr_line' id='line_1_30' title="bbox 488 4108 1552 4211; baseline 0.004 -33"><span class='ocrx_word' id='word_1_209' title='bbox 488 4121 652 4204; x_wconf 86' lang='lat' dir='ltr'><strong>parerent</strong></span> <span class='ocrx_word' id='word_1_210' title='bbox 668 4108 823 4205; x_wconf 83' lang='lat' dir='ltr'><strong>vestigia.</strong></span> <span class='ocrx_word' id='word_1_211' title='bbox 846 4108 993 4207; x_wconf 87' lang='lat' dir='ltr'><strong>ludigue</strong></span> <span class='ocrx_word' id='word_1_212' title='bbox 1011 4113 1120 4186; x_wconf 89' lang='lat' dir='ltr'><strong>etiam</strong></span> <span class='ocrx_word' id='word_1_213' title='bbox 1134 4111 1269 4186; x_wconf 82' lang='lat' dir='ltr'><strong>serebat</strong></span> <span class='ocrx_word' id='word_1_214' title='bbox 1280 4112 1382 4211; x_wconf 92' lang='lat' dir='ltr'><strong>quod</strong></span> <span class='ocrx_word' id='word_1_215' title='bbox 1397 4135 1441 4184; x_wconf 81' lang='lat' dir='ltr'><strong>ex</strong></span> <span class='ocrx_word' id='word_1_216' title='bbox 1453 4125 1552 4184; x_wconf 89' lang='lat' dir='ltr'><strong>tanta</strong></span> 
     </span>
    </p>
   </div>
   <div class='ocr_carea' id='block_1_3' title="bbox 532 4369 1553 4549">
    <p class='ocr_par' dir='ltr' id='par_1_3' title="bbox 532 4369 1553 4549">
     <span class='ocr_line' id='line_1_31' title="bbox 532 4369 1552 4454; baseline 0.006 -24"><span class='ocrx_word' id='word_1_217' title='bbox 532 4373 563 4430; x_wconf 89' lang='lat' dir='ltr'><strong>l.</strong></span> <span class='ocrx_word' id='word_1_218' title='bbox 588 4371 675 4431; x_wconf 76' lang='lat' dir='ltr'><strong>Forte</strong></span> <span class='ocrx_word' id='word_1_219' title='bbox 687 4373 869 4447; x_wconf 74' lang='lat' dir='ltr'><strong>confunderet</strong></span> <span class='ocrx_word' id='word_1_220' title='bbox 882 4369 1048 4454; x_wconf 79' lang='lat' dir='ltr'><strong>legendum.</strong></span> <span class='ocrx_word' id='word_1_221' title='bbox 1071 4408 1112 4422; x_wconf 87' lang='lat'>-</span> <span class='ocrx_word' id='word_1_222' title='bbox 1133 4380 1163 4436; x_wconf 82' lang='lat'><strong>2.</strong></span> <span class='ocrx_word' id='word_1_223' title='bbox 1184 4381 1260 4441; x_wconf 81' lang='lat' dir='ltr'><strong>Nam</strong></span> <span class='ocrx_word' id='word_1_224' title='bbox 1271 4392 1300 4435; x_wconf 81' lang='lat' dir='ltr'><strong>et</strong></span> <span class='ocrx_word' id='word_1_225' title='bbox 1313 4397 1367 4436; x_wconf 77' lang='lat' dir='ltr'><strong>ren</strong></span> <span class='ocrx_word' id='word_1_226' title='bbox 1377 4374 1425 4437; x_wconf 82' lang='lat' dir='ltr'><strong>ed.</strong></span> <span class='ocrx_word' id='word_1_227' title='bbox 1440 4375 1552 4436; x_wconf 81' lang='lat' dir='ltr'><strong>Bcucd.</strong></span> 
     </span>
     <span class='ocr_line' id='line_1_32' title="bbox 532 4463 1553 4549; baseline 0.002 -25"><span class='ocrx_word' id='word_1_228' title='bbox 532 4468 563 4525; x_wconf 68' lang='lat' dir='ltr'><strong>dt</strong></span> <span class='ocrx_word' id='word_1_229' title='bbox 576 4469 658 4525; x_wconf 82' lang='lat' dir='ltr'><strong>Hunc</strong></span> <span class='ocrx_word' id='word_1_230' title='bbox 674 4463 755 4526; x_wconf 84' lang='lat' dir='ltr'><strong>deest</strong></span> <span class='ocrx_word' id='word_1_231' title='bbox 766 4465 846 4547; x_wconf 87' lang='lat' dir='ltr'><strong>apud</strong></span> <span class='ocrx_word' id='word_1_232' title='bbox 859 4469 968 4529; x_wconf 82' lang='lat' dir='ltr'><strong>Bened.</strong></span> <span class='ocrx_word' id='word_1_233' title='bbox 977 4500 1017 4514; x_wconf 92' lang='lat'><em>-</em></span> <span class='ocrx_word' id='word_1_234' title='bbox 1040 4471 1069 4528; x_wconf 76' lang='lat'><strong>4.</strong></span> <span class='ocrx_word' id='word_1_235' title='bbox 1084 4475 1210 4549; x_wconf 73' lang='lat' dir='ltr'><strong>Regnum</strong></span> <span class='ocrx_word' id='word_1_236' title='bbox 1223 4470 1305 4532; x_wconf 73' lang='lat' dir='ltr'><strong>deest</strong></span> <span class='ocrx_word' id='word_1_237' title='bbox 1315 4469 1346 4532; x_wconf 88' lang='lat' dir='ltr'><strong>iu</strong></span> <span class='ocrx_word' id='word_1_238' title='bbox 1358 4468 1471 4531; x_wconf 71' lang='lat' dir='ltr'><strong>eonem</strong></span> <span class='ocrx_word' id='word_1_239' title='bbox 1483 4467 1553 4529; x_wconf 68' lang='lat' dir='ltr'><strong>edd,</strong></span> 
     </span>
    </p>
   </div>
   <div class='ocr_carea' id='block_1_4' title="bbox 0 0 1914 5667">
    <p class='ocr_par' dir='ltr' id='par_1_4' title="bbox 0 0 1914 5667">
     <span class='ocr_line' id='line_1_33' title="bbox 0 0 1914 5667; baseline 0 0"><span class='ocrx_word' id='word_1_240' title='bbox 0 0 1914 5667; x_wconf 95' lang='lat' dir='ltr'><strong> </strong></span> 
     </span>
    </p>
   </div>
  </div>
 </body>
</html>
