<?xml version="1.0" encoding="UTF-8"?>
<!DOCTYPE html PUBLIC "-//W3C//DTD XHTML 1.0 Transitional//EN"
    "http://www.w3.org/TR/xhtml1/DTD/xhtml1-transitional.dtd">
<html xmlns="http://www.w3.org/1999/xhtml" xml:lang="en" lang="en">
 <head>
  <title>
</title>
<meta http-equiv="Content-Type" content="text/html;charset=utf-8" />
  <meta name='ocr-system' content='tesseract 3.04.00' />
  <meta name='ocr-capabilities' content='ocr_page ocr_carea ocr_par ocr_line ocrx_word'/>
</head>
<body>
  <div class='ocr_page' id='page_1' title='image "./oeuvrescompltes00sugegoog_0208.png"; bbox 0 0 3742 5667; ppageno 0'>
   <div class='ocr_carea' id='block_1_1' title="bbox 499 778 1338 854">
    <p class='ocr_par' dir='ltr' id='par_1_1' title="bbox 499 778 1338 854">
     <span class='ocr_line' id='line_1_1' title="bbox 499 778 1338 854; baseline -0.002 -1"><span class='ocrx_word' id='word_1_1' title='bbox 499 796 559 853; x_wconf 73' lang='lat' dir='ltr'><strong>irs</strong></span> <span class='ocrx_word' id='word_1_2' title='bbox 719 794 881 854; x_wconf 77' lang='lat' dir='ltr'><strong>murres</strong></span> <span class='ocrx_word' id='word_1_3' title='bbox 902 778 1116 852; x_wconf 70' lang='lat' dir='ltr'><strong>courrieres</strong></span> <span class='ocrx_word' id='word_1_4' title='bbox 1136 793 1186 849; x_wconf 80' lang='lat' dir='ltr'><strong>na</strong></span> <span class='ocrx_word' id='word_1_5' title='bbox 1206 792 1338 854; x_wconf 83' lang='lat' dir='ltr'><strong>suem.</strong></span> 
     </span>
    </p>
   </div>
   <div class='ocr_carea' id='block_1_2' title="bbox 497 942 1574 4626">
    <p class='ocr_par' dir='ltr' id='par_1_2' title="bbox 497 942 1574 4626">
     <span class='ocr_line' id='line_1_2' title="bbox 549 942 1571 1044; baseline -0.004 -26"><span class='ocrx_word' id='word_1_6' title='bbox 549 952 737 1019; x_wconf 86' lang='lat' dir='ltr'><strong>Destructo</strong></span> <span class='ocrx_word' id='word_1_7' title='bbox 749 944 926 1044; x_wconf 85' lang='lat' dir='ltr'><strong>siquidem</strong></span> <span class='ocrx_word' id='word_1_8' title='bbox 938 944 1109 1017; x_wconf 74' lang='lat' dir='ltr'>radicitus</span> <span class='ocrx_word' id='word_1_9' title='bbox 1117 945 1332 1044; x_wconf 82' lang='lat' dir='ltr'><strong>promerito</strong></span> <span class='ocrx_word' id='word_1_10' title='bbox 1347 968 1417 1016; x_wconf 82' lang='lat' dir='ltr'><strong>suae</strong></span> <span class='ocrx_word' id='word_1_11' title='bbox 1430 942 1571 1042; x_wconf 87' lang='lat' dir='ltr'><strong>iniqui·</strong></span> 
     </span>
     <span class='ocr_line' id='line_1_3' title="bbox 500 1044 1569 1155; baseline -0.004 -20"><span class='ocrx_word' id='word_1_12' title='bbox 500 1064 581 1135; x_wconf 87' lang='lat' dir='ltr'><strong>tatis</strong></span> <span class='ocrx_word' id='word_1_13' title='bbox 610 1061 759 1135; x_wconf 88' lang='lat' dir='ltr'><strong>Puteolo</strong></span> <span class='ocrx_word' id='word_1_14' title='bbox 788 1063 925 1155; x_wconf 65' lang='lat' dir='ltr'><strong>castrof,</strong></span> <span class='ocrx_word' id='word_1_15' title='bbox 958 1076 1053 1133; x_wconf 87' lang='lat' dir='ltr'><strong>terra</strong></span> <span class='ocrx_word' id='word_1_16' title='bbox 1075 1044 1306 1147; x_wconf 88' lang='lat' dir='ltr'><strong>Sanctorum,</strong></span> <span class='ocrx_word' id='word_1_17' title='bbox 1330 1075 1404 1131; x_wconf 89' lang='lat' dir='ltr'><strong>tam</strong></span> <span class='ocrx_word' id='word_1_18' title='bbox 1435 1076 1569 1133; x_wconf 87' lang='lat' dir='ltr'><strong>nostra</strong></span> 
     </span>
     <span class='ocr_line' id='line_1_4' title="bbox 500 1174 1570 1276; baseline -0.003 -26"><span class='ocrx_word' id='word_1_19' title='bbox 500 1202 610 1276; x_wconf 92' lang='lat' dir='ltr'><strong>quam</strong></span> <span class='ocrx_word' id='word_1_20' title='bbox 632 1178 719 1268; x_wconf 88' lang='lat' dir='ltr'><strong>aliae,</strong></span> <span class='ocrx_word' id='word_1_21' title='bbox 743 1178 933 1275; x_wconf 84' lang='lat' dir='ltr'><strong>pristinam</strong></span> <span class='ocrx_word' id='word_1_22' title='bbox 961 1175 1098 1275; x_wconf 85' lang='lat' dir='ltr'><strong>adeptae</strong></span> <span class='ocrx_word' id='word_1_23' title='bbox 1124 1174 1338 1265; x_wconf 89' lang='lat' dir='ltr'><strong>libertatem,</strong></span> <span class='ocrx_word' id='word_1_24' title='bbox 1365 1200 1442 1272; x_wconf 82' lang='lat' dir='ltr'><strong>quae</strong></span> <span class='ocrx_word' id='word_1_25' title='bbox 1458 1176 1570 1247; x_wconf 92' lang='lat' dir='ltr'><strong>bello</strong></span> 
     </span>
     <span class='ocr_line' id='line_1_5' title="bbox 500 1290 1574 1392; baseline -0.002 -27"><span class='ocrx_word' id='word_1_26' title='bbox 500 1307 677 1382; x_wconf 78' lang='lat' dir='ltr'><strong>aruerant,</strong></span> <span class='ocrx_word' id='word_1_27' title='bbox 698 1316 785 1392; x_wconf 89' lang='lat' dir='ltr'><strong>pace</strong></span> <span class='ocrx_word' id='word_1_28' title='bbox 803 1292 1004 1365; x_wconf 85' lang='lat' dir='ltr'><strong>floruerunt</strong></span> <span class='ocrx_word' id='word_1_29' title='bbox 1022 1319 1030 1363; x_wconf 91' lang='lat'>:</span> <span class='ocrx_word' id='word_1_30' title='bbox 1049 1291 1231 1363; x_wconf 80' lang='lat' dir='ltr'><strong>sterilitate</strong></span> <span class='ocrx_word' id='word_1_31' title='bbox 1247 1291 1413 1389; x_wconf 89' lang='lat' dir='ltr'><strong>reposita,</strong></span> <span class='ocrx_word' id='word_1_32' title='bbox 1426 1290 1574 1363; x_wconf 85' lang='lat' dir='ltr'><strong>foecun·</strong></span> 
     </span>
     <span class='ocr_line' id='line_1_6' title="bbox 500 1405 1567 1504; baseline -0.002 -24"><span class='ocrx_word' id='word_1_33' title='bbox 500 1405 649 1480; x_wconf 89' lang='lat' dir='ltr'><strong>ditatem</strong></span> <span class='ocrx_word' id='word_1_34' title='bbox 661 1406 764 1479; x_wconf 76' lang='lat' dir='ltr'><strong>cultae</strong></span> <span class='ocrx_word' id='word_1_35' title='bbox 774 1405 1024 1479; x_wconf 89' lang='lat' dir='ltr'><strong>reddiderunt.</strong></span> <span class='ocrx_word' id='word_1_36' title='bbox 1042 1409 1132 1478; x_wconf 89' lang='lat' dir='ltr'><strong>Cum</strong></span> <span class='ocrx_word' id='word_1_37' title='bbox 1146 1420 1268 1477; x_wconf 92' lang='lat' dir='ltr'><strong>autem</strong></span> <span class='ocrx_word' id='word_1_38' title='bbox 1280 1405 1567 1504; x_wconf 87' lang='lat' dir='ltr'><strong>postdecessum</strong></span> 
     </span>
     <span class='ocr_line' id='line_1_7' title="bbox 500 1519 1570 1595; baseline 0.001 -2"><span class='ocrx_word' id='word_1_39' title='bbox 500 1523 732 1594; x_wconf 87' lang='lat' dir='ltr'><strong>antecessoris</strong></span> <span class='ocrx_word' id='word_1_40' title='bbox 747 1522 862 1595; x_wconf 86' lang='lat' dir='ltr'><strong>nostri</strong></span> <span class='ocrx_word' id='word_1_41' title='bbox 873 1521 978 1594; x_wconf 82' lang='lat' dir='ltr'><strong>bonae</strong></span> <span class='ocrx_word' id='word_1_42' title='bbox 990 1522 1173 1593; x_wconf 81' lang='lat' dir='ltr'><strong>memoriae</strong></span> <span class='ocrx_word' id='word_1_43' title='bbox 1183 1519 1267 1594; x_wconf 76' lang='lat' dir='ltr'><strong>Adae</strong></span> <span class='ocrx_word' id='word_1_44' title='bbox 1278 1519 1419 1593; x_wconf 87' lang='lat' dir='ltr'><strong>abbatis</strong></span> <span class='ocrx_word' id='word_1_45' title='bbox 1429 1522 1475 1593; x_wconf 91' lang='lat' dir='ltr'><strong>ad</strong></span> <span class='ocrx_word' id='word_1_46' title='bbox 1489 1522 1570 1594; x_wconf 88' lang='lat' dir='ltr'><strong>hu-</strong></span> 
     </span>
     <span class='ocr_line' id='line_1_8' title="bbox 497 1637 1567 1735; baseline 0.002 -27"><span class='ocrx_word' id='word_1_47' title='bbox 497 1637 557 1735; x_wconf 89' lang='lat' dir='ltr'><strong>jus</strong></span> <span class='ocrx_word' id='word_1_48' title='bbox 585 1652 714 1711; x_wconf 86' lang='lat' dir='ltr'><strong>sanctae</strong></span> <span class='ocrx_word' id='word_1_49' title='bbox 747 1637 1076 1710; x_wconf 86' lang='lat' dir='ltr'><strong>amministrationis</strong></span> <span class='ocrx_word' id='word_1_50' title='bbox 1105 1637 1227 1710; x_wconf 84' lang='lat' dir='ltr'><strong>sedern</strong></span> <span class='ocrx_word' id='word_1_51' title='bbox 1256 1652 1329 1708; x_wconf 88' lang='lat' dir='ltr'><strong>tam</strong></span> <span class='ocrx_word' id='word_1_52' title='bbox 1358 1639 1567 1710; x_wconf 91' lang='lat' dir='ltr'><strong>immeritus</strong></span> 
     </span>
     <span class='ocr_line' id='line_1_9' title="bbox 502 1752 1568 1852; baseline 0.001 -28"><span class='ocrx_word' id='word_1_53' title='bbox 502 1778 611 1851; x_wconf 89' lang='lat' dir='ltr'><strong>quam</strong></span> <span class='ocrx_word' id='word_1_54' title='bbox 639 1753 767 1826; x_wconf 89' lang='lat' dir='ltr'><strong>absens</strong></span> <span class='ocrx_word' id='word_1_55' title='bbox 795 1767 998 1852; x_wconf 86' lang='lat' dir='ltr'><strong>assumptus</strong></span> <span class='ocrx_word' id='word_1_56' title='bbox 1020 1777 1156 1841; x_wconf 88' lang='lat' dir='ltr'><strong>essem,</strong></span> <span class='ocrx_word' id='word_1_57' title='bbox 1185 1752 1339 1851; x_wconf 78' lang='lat' dir='ltr'><strong>pristinae</strong></span> <span class='ocrx_word' id='word_1_58' title='bbox 1361 1752 1502 1826; x_wconf 80' lang='lat' dir='ltr'><strong>virtutis</strong></span> <span class='ocrx_word' id='word_1_59' title='bbox 1523 1769 1568 1825; x_wconf 90' lang='lat' dir='ltr'><strong>et</strong></span> 
     </span>
     <span class='ocr_line' id='line_1_10' title="bbox 503 1865 1564 1966; baseline 0.001 -27"><span class='ocrx_word' id='word_1_60' title='bbox 503 1868 634 1941; x_wconf 92' lang='lat' dir='ltr'><strong>laboris</strong></span> <span class='ocrx_word' id='word_1_61' title='bbox 651 1895 725 1942; x_wconf 91' lang='lat' dir='ltr'><strong>non</strong></span> <span class='ocrx_word' id='word_1_62' title='bbox 740 1871 945 1957; x_wconf 89' lang='lat' dir='ltr'><strong>immemor,</strong></span> <span class='ocrx_word' id='word_1_63' title='bbox 966 1867 1050 1966; x_wconf 88' lang='lat' dir='ltr'><strong>quia</strong></span> <span class='ocrx_word' id='word_1_64' title='bbox 1067 1865 1201 1940; x_wconf 89' lang='lat' dir='ltr'><strong>diutius</strong></span> <span class='ocrx_word' id='word_1_65' title='bbox 1219 1869 1256 1939; x_wconf 94' lang='lat' dir='ltr'><strong>in</strong></span> <span class='ocrx_word' id='word_1_66' title='bbox 1273 1868 1333 1939; x_wconf 90' lang='lat' dir='ltr'><strong>illa</strong></span> <span class='ocrx_word' id='word_1_67' title='bbox 1348 1867 1564 1943; x_wconf 88' lang='lat' dir='ltr'><strong>demoratus</strong></span> 
     </span>
     <span class='ocr_line' id='line_1_11' title="bbox 502 1978 1568 2084; baseline 0 -29"><span class='ocrx_word' id='word_1_68' title='bbox 502 1978 641 2056; x_wconf 89' lang='lat' dir='ltr'><strong>fueram</strong></span> <span class='ocrx_word' id='word_1_69' title='bbox 656 1986 900 2084; x_wconf 85' lang='lat' dir='ltr'><strong>praepositura,</strong></span> <span class='ocrx_word' id='word_1_70' title='bbox 923 1984 1089 2057; x_wconf 86' lang='lat' dir='ltr'><strong>devotius</strong></span> <span class='ocrx_word' id='word_1_71' title='bbox 1102 1981 1147 2056; x_wconf 90' lang='lat' dir='ltr'><strong>ad</strong></span> <span class='ocrx_word' id='word_1_72' title='bbox 1163 1983 1257 2056; x_wconf 88' lang='lat' dir='ltr'><strong>hanc</strong></span> <span class='ocrx_word' id='word_1_73' title='bbox 1272 1983 1568 2083; x_wconf 74' lang='lat' dir='ltr'><strong>amplificandam</strong></span> 
     </span>
     <span class='ocr_line' id='line_1_12' title="bbox 502 2100 1567 2199; baseline 0.002 -28"><span class='ocrx_word' id='word_1_74' title='bbox 502 2102 644 2173; x_wconf 86' lang='lat' dir='ltr'><strong>accessi.</strong></span> <span class='ocrx_word' id='word_1_75' title='bbox 665 2105 707 2172; x_wconf 90' lang='lat' dir='ltr'><strong>In</strong></span> <span class='ocrx_word' id='word_1_76' title='bbox 723 2116 836 2188; x_wconf 89' lang='lat' dir='ltr'><strong>curte,</strong></span> <span class='ocrx_word' id='word_1_77' title='bbox 856 2124 966 2199; x_wconf 89' lang='lat' dir='ltr'><strong>quam</strong></span> <span class='ocrx_word' id='word_1_78' title='bbox 981 2100 1064 2198; x_wconf 91' lang='lat' dir='ltr'><strong>palo</strong></span> <span class='ocrx_word' id='word_1_79' title='bbox 1080 2114 1117 2171; x_wconf 93' lang='lat' dir='ltr'><strong>et</strong></span> <span class='ocrx_word' id='word_1_80' title='bbox 1131 2100 1264 2171; x_wconf 82' lang='lat' dir='ltr'><strong>uimine</strong></span> <span class='ocrx_word' id='word_1_81' title='bbox 1283 2100 1477 2189; x_wconf 86' lang='lat' dir='ltr'><strong>firmaram,</strong></span> <span class='ocrx_word' id='word_1_82' title='bbox 1499 2126 1567 2173; x_wconf 88' lang='lat' dir='ltr'><strong>ca·</strong></span> 
     </span>
     <span class='ocr_line' id='line_1_13' title="bbox 504 2215 1568 2314; baseline 0 -27"><span class='ocrx_word' id='word_1_83' title='bbox 504 2231 616 2287; x_wconf 90' lang='lat' dir='ltr'><strong>strum</strong></span> <span class='ocrx_word' id='word_1_84' title='bbox 646 2215 738 2288; x_wconf 92' lang='lat' dir='ltr'><strong>bene</strong></span> <span class='ocrx_word' id='word_1_85' title='bbox 763 2230 946 2287; x_wconf 89' lang='lat' dir='ltr'><strong>muratum</strong></span> <span class='ocrx_word' id='word_1_86' title='bbox 974 2215 1086 2305; x_wconf 83' lang='lat' dir='ltr'><strong>erexi,</strong></span> <span class='ocrx_word' id='word_1_87' title='bbox 1116 2215 1225 2287; x_wconf 88' lang='lat' dir='ltr'><strong>turris</strong></span> <span class='ocrx_word' id='word_1_88' title='bbox 1256 2216 1568 2314; x_wconf 84' lang='lat' dir='ltr'><strong>propugnaculum</strong></span> 
     </span>
     <span class='ocr_line' id='line_1_14' title="bbox 503 2328 1569 2430; baseline 0.003 -28"><span class='ocrx_word' id='word_1_89' title='bbox 503 2330 688 2430; x_wconf 88' lang='lat' dir='ltr'><strong>principali</strong></span> <span class='ocrx_word' id='word_1_90' title='bbox 705 2345 816 2429; x_wconf 89' lang='lat' dir='ltr'><strong>portae</strong></span> <span class='ocrx_word' id='word_1_91' title='bbox 835 2329 1031 2430; x_wconf 84' lang='lat' dir='ltr'><strong>supererigi</strong></span> <span class='ocrx_word' id='word_1_92' title='bbox 1050 2329 1135 2421; x_wconf 72' lang='lat' dir='ltr'><strong>feci,</strong></span> <span class='ocrx_word' id='word_1_93' title='bbox 1157 2328 1287 2403; x_wconf 90' lang='lat' dir='ltr'><strong>domos</strong></span> <span class='ocrx_word' id='word_1_94' title='bbox 1306 2346 1404 2429; x_wconf 90' lang='lat' dir='ltr'><strong>aptas</strong></span> <span class='ocrx_word' id='word_1_95' title='bbox 1426 2346 1463 2403; x_wconf 91' lang='lat' dir='ltr'><strong>et</strong></span> <span class='ocrx_word' id='word_1_96' title='bbox 1477 2356 1569 2429; x_wconf 63' lang='lat' dir='ltr'><strong>prou</strong></span> 
     </span>
     <span class='ocr_line' id='line_1_15' title="bbox 504 2445 1568 2546; baseline 0 -28"><span class='ocrx_word' id='word_1_97' title='bbox 504 2446 711 2546; x_wconf 83' lang='lat' dir='ltr'><strong>pugnabiles</strong></span> <span class='ocrx_word' id='word_1_98' title='bbox 735 2448 926 2537; x_wconf 81' lang='lat' dir='ltr'><strong>constitui3</strong></span> <span class='ocrx_word' id='word_1_99' title='bbox 946 2445 1151 2518; x_wconf 87' lang='lat' dir='ltr'><strong>libertatem</strong></span> <span class='ocrx_word' id='word_1_100' title='bbox 1177 2446 1283 2535; x_wconf 82' lang='lat' dir='ltr'><strong>villae,</strong></span> <span class='ocrx_word' id='word_1_101' title='bbox 1316 2447 1428 2518; x_wconf 89' lang='lat' dir='ltr'><strong>immo</strong></span> <span class='ocrx_word' id='word_1_102' title='bbox 1454 2448 1568 2519; x_wconf 91' lang='lat' dir='ltr'><strong>totius</strong></span> 
     </span>
     <span class='ocr_line' id='line_1_16' title="bbox 504 2560 1569 2660; baseline 0.002 -27"><span class='ocrx_word' id='word_1_103' title='bbox 504 2576 621 2652; x_wconf 88' lang='lat' dir='ltr'><strong>terrae,</strong></span> <span class='ocrx_word' id='word_1_104' title='bbox 645 2562 894 2635; x_wconf 89' lang='lat' dir='ltr'><strong>intemeratam</strong></span> <span class='ocrx_word' id='word_1_105' title='bbox 912 2561 1133 2635; x_wconf 85' lang='lat' dir='ltr'><strong>conservavi.</strong></span> <span class='ocrx_word' id='word_1_106' title='bbox 1151 2560 1254 2635; x_wconf 89' lang='lat' dir='ltr'><strong>Unde</strong></span> <span class='ocrx_word' id='word_1_107' title='bbox 1266 2560 1355 2633; x_wconf 91' lang='lat' dir='ltr'><strong>mihi</strong></span> <span class='ocrx_word' id='word_1_108' title='bbox 1371 2561 1569 2660; x_wconf 89' lang='lat' dir='ltr'><strong>aliquando</strong></span> 
     </span>
     <span class='ocr_line' id='line_1_17' title="bbox 505 2675 1567 2775; baseline 0 -25"><span class='ocrx_word' id='word_1_109' title='bbox 505 2678 655 2773; x_wconf 85' lang='lat' dir='ltr'><strong>contigit</strong></span> <span class='ocrx_word' id='word_1_110' title='bbox 674 2678 785 2775; x_wconf 93' lang='lat' dir='ltr'><strong>quod,</strong></span> <span class='ocrx_word' id='word_1_111' title='bbox 813 2703 898 2750; x_wconf 93' lang='lat' dir='ltr'><strong>cum</strong></span> <span class='ocrx_word' id='word_1_112' title='bbox 921 2675 1154 2748; x_wconf 80' lang='lat' dir='ltr'><strong>Aurelianum</strong></span> <span class='ocrx_word' id='word_1_113' title='bbox 1177 2702 1262 2749; x_wconf 91' lang='lat' dir='ltr'><strong>cum</strong></span> <span class='ocrx_word' id='word_1_114' title='bbox 1284 2677 1429 2749; x_wconf 91' lang='lat' dir='ltr'><strong>militari</strong></span> <span class='ocrx_word' id='word_1_115' title='bbox 1453 2702 1567 2750; x_wconf 90' lang='lat' dir='ltr'><strong>manu</strong></span> 
     </span>
     <span class='ocr_line' id='line_1_18' title="bbox 505 2791 1568 2892; baseline 0.001 -28"><span class='ocrx_word' id='word_1_116' title='bbox 505 2807 586 2891; x_wconf 91' lang='lat' dir='ltr'><strong>post</strong></span> <span class='ocrx_word' id='word_1_117' title='bbox 600 2792 791 2865; x_wconf 90' lang='lat' dir='ltr'><strong>dominum</strong></span> <span class='ocrx_word' id='word_1_118' title='bbox 805 2817 926 2888; x_wconf 83' lang='lat' dir='ltr'><strong>regem</strong></span> <span class='ocrx_word' id='word_1_119' title='bbox 949 2791 1167 2883; x_wconf 88' lang='lat' dir='ltr'><strong>festinarem,</strong></span> <span class='ocrx_word' id='word_1_120' title='bbox 1193 2807 1230 2864; x_wconf 92' lang='lat' dir='ltr'><strong>et</strong></span> <span class='ocrx_word' id='word_1_121' title='bbox 1246 2794 1478 2892; x_wconf 72' lang='lat' dir='ltr'><strong>praepositum</strong></span> <span class='ocrx_word' id='word_1_122' title='bbox 1495 2799 1568 2865; x_wconf 86' lang='lat' dir='ltr'><strong>Pu·</strong></span> 
     </span>
     <span class='ocr_line' id='line_1_19' title="bbox 504 2908 1570 3007; baseline 0.001 -27"><span class='ocrx_word' id='word_1_123' title='bbox 504 2908 591 2980; x_wconf 90' lang='lat' dir='ltr'><strong>teoli</strong></span> <span class='ocrx_word' id='word_1_124' title='bbox 607 2909 728 3006; x_wconf 91' lang='lat' dir='ltr'><strong>priora</strong></span> <span class='ocrx_word' id='word_1_125' title='bbox 743 2908 838 2980; x_wconf 86' lang='lat' dir='ltr'><strong>mala</strong></span> <span class='ocrx_word' id='word_1_126' title='bbox 858 2908 1140 3005; x_wconf 79' lang='lat' dir='ltr'><strong>recipromntem</strong></span> <span class='ocrx_word' id='word_1_127' title='bbox 1162 2909 1386 3006; x_wconf 89' lang='lat' dir='ltr'><strong>reperissem,</strong></span> <span class='ocrx_word' id='word_1_128' title='bbox 1414 2911 1570 3007; x_wconf 90' lang='lat' dir='ltr'><strong>turpiter</strong></span> 
     </span>
     <span class='ocr_line' id='line_1_20' title="bbox 506 3022 1567 3121; baseline 0.002 -26"><span class='ocrx_word' id='word_1_129' title='bbox 506 3038 650 3121; x_wconf 88' lang='lat' dir='ltr'><strong>captum</strong></span> <span class='ocrx_word' id='word_1_130' title='bbox 665 3024 776 3113; x_wconf 90' lang='lat' dir='ltr'><strong>tenui,</strong></span> <span class='ocrx_word' id='word_1_131' title='bbox 789 3036 824 3095; x_wconf 91' lang='lat' dir='ltr'><strong>et</strong></span> <span class='ocrx_word' id='word_1_132' title='bbox 835 3022 882 3094; x_wconf 87' lang='lat' dir='ltr'><strong>ad</strong></span> <span class='ocrx_word' id='word_1_133' title='bbox 895 3025 1063 3094; x_wconf 90' lang='lat' dir='ltr'><strong>Sanctum</strong></span> <span class='ocrx_word' id='word_1_134' title='bbox 1079 3024 1290 3121; x_wconf 91' lang='lat' dir='ltr'><strong>Dionysium</strong></span> <span class='ocrx_word' id='word_1_135' title='bbox 1307 3026 1469 3096; x_wconf 89' lang='lat' dir='ltr'><strong>vinctum</strong></span> <span class='ocrx_word' id='word_1_136' title='bbox 1480 3050 1567 3097; x_wconf 94' lang='lat' dir='ltr'><strong>cum</strong></span> 
     </span>
     <span class='ocr_line' id='line_1_21' title="bbox 506 3137 1568 3236; baseline 0.003 -26"><span class='ocrx_word' id='word_1_137' title='bbox 506 3137 683 3212; x_wconf 90' lang='lat' dir='ltr'><strong>dedecore</strong></span> <span class='ocrx_word' id='word_1_138' title='bbox 711 3138 902 3211; x_wconf 88' lang='lat' dir='ltr'><strong>transmisi.</strong></span> <span class='ocrx_word' id='word_1_139' title='bbox 934 3142 1083 3231; x_wconf 87' lang='lat' dir='ltr'><strong>Verum,</strong></span> <span class='ocrx_word' id='word_1_140' title='bbox 1097 3140 1180 3236; x_wconf 92' lang='lat' dir='ltr'><strong>quia</strong></span> <span class='ocrx_word' id='word_1_141' title='bbox 1205 3139 1434 3212; x_wconf 88' lang='lat' dir='ltr'><strong>ecclesiarum</strong></span> <span class='ocrx_word' id='word_1_142' title='bbox 1468 3138 1568 3213; x_wconf 90' lang='lat' dir='ltr'><strong>bona</strong></span> 
     </span>
     <span class='ocr_line' id='line_1_22' title="bbox 507 3253 1568 3353; baseline 0.005 -30"><span class='ocrx_word' id='word_1_143' title='bbox 507 3253 684 3326; x_wconf 90' lang='lat' dir='ltr'><strong>industria</strong></span> <span class='ocrx_word' id='word_1_144' title='bbox 708 3253 939 3352; x_wconf 87' lang='lat' dir='ltr'><strong>praelatorum</strong></span> <span class='ocrx_word' id='word_1_145' title='bbox 961 3279 1049 3353; x_wconf 88' lang='lat' dir='ltr'><strong>pace</strong></span> <span class='ocrx_word' id='word_1_146' title='bbox 1079 3280 1310 3329; x_wconf 87' lang='lat' dir='ltr'><strong>concrescere</strong></span> <span class='ocrx_word' id='word_1_147' title='bbox 1327 3271 1364 3328; x_wconf 93' lang='lat' dir='ltr'><strong>et</strong></span> <span class='ocrx_word' id='word_1_148' title='bbox 1382 3256 1568 3329; x_wconf 77' lang='lat' dir='ltr'><strong>confoveri</strong></span> 
     </span>
     <span class='ocr_line' id='line_1_23' title="bbox 507 3368 1568 3467; baseline 0.005 -26"><span class='ocrx_word' id='word_1_149' title='bbox 507 3368 665 3461; x_wconf 86' lang='lat' dir='ltr'><strong>debent,</strong></span> <span class='ocrx_word' id='word_1_150' title='bbox 695 3370 852 3442; x_wconf 81' lang='lat' dir='ltr'><strong>culturas</strong></span> <span class='ocrx_word' id='word_1_151' title='bbox 879 3384 1033 3459; x_wconf 89' lang='lat' dir='ltr'><strong>nostras,</strong></span> <span class='ocrx_word' id='word_1_152' title='bbox 1061 3396 1150 3467; x_wconf 85' lang='lat' dir='ltr'><strong>quas</strong></span> <span class='ocrx_word' id='word_1_153' title='bbox 1176 3369 1311 3443; x_wconf 92' lang='lat' dir='ltr'><strong>ibidem</strong></span> <span class='ocrx_word' id='word_1_154' title='bbox 1343 3371 1568 3446; x_wconf 87' lang='lat' dir='ltr'><strong>habebamus</strong></span> 
     </span>
     <span class='ocr_line' id='line_1_24' title="bbox 508 3483 1567 3585; baseline 0.003 -29"><span class='ocrx_word' id='word_1_155' title='bbox 508 3484 718 3575; x_wconf 88' lang='lat' dir='ltr'><strong>dominicas,</strong></span> <span class='ocrx_word' id='word_1_156' title='bbox 743 3485 890 3557; x_wconf 87' lang='lat' dir='ltr'><strong>retentis</strong></span> <span class='ocrx_word' id='word_1_157' title='bbox 916 3483 1128 3557; x_wconf 91' lang='lat' dir='ltr'><strong>earumdem</strong></span> <span class='ocrx_word' id='word_1_158' title='bbox 1156 3486 1318 3575; x_wconf 89' lang='lat' dir='ltr'><strong>decimis,</strong></span> <span class='ocrx_word' id='word_1_159' title='bbox 1336 3486 1473 3561; x_wconf 91' lang='lat' dir='ltr'><strong>colonis</strong></span> <span class='ocrx_word' id='word_1_160' title='bbox 1505 3490 1567 3585; x_wconf 90' lang='lat' dir='ltr'><strong>qui</strong></span> 
     </span>
     <span class='ocr_line' id='line_1_25' title="bbox 509 3599 1567 3700; baseline 0.003 -29"><span class='ocrx_word' id='word_1_161' title='bbox 509 3599 645 3672; x_wconf 91' lang='lat' dir='ltr'><strong>ibidem</strong></span> <span class='ocrx_word' id='word_1_162' title='bbox 666 3599 908 3673; x_wconf 89' lang='lat' dir='ltr'><strong>inhabitarent</strong></span> <span class='ocrx_word' id='word_1_163' title='bbox 926 3601 1110 3673; x_wconf 90' lang='lat' dir='ltr'><strong>censuales</strong></span> <span class='ocrx_word' id='word_1_164' title='bbox 1130 3601 1292 3692; x_wconf 91' lang='lat' dir='ltr'><strong>fecimus,</strong></span> <span class='ocrx_word' id='word_1_165' title='bbox 1312 3627 1466 3700; x_wconf 87' lang='lat' dir='ltr'><strong>quarum</strong></span> <span class='ocrx_word' id='word_1_166' title='bbox 1482 3628 1567 3676; x_wconf 90' lang='lat' dir='ltr'><strong>cen-</strong></span> 
     </span>
     <span class='ocr_line' id='line_1_26' title="bbox 508 3715 1566 3818; baseline 0.003 -30"><span class='ocrx_word' id='word_1_167' title='bbox 508 3742 601 3809; x_wconf 93' lang='lat' dir='ltr'><strong>sum,</strong></span> <span class='ocrx_word' id='word_1_168' title='bbox 622 3741 668 3789; x_wconf 92' lang='lat' dir='ltr'><strong>ne</strong></span> <span class='ocrx_word' id='word_1_169' title='bbox 683 3715 858 3789; x_wconf 88' lang='lat' dir='ltr'><strong>oblivioni</strong></span> <span class='ocrx_word' id='word_1_170' title='bbox 874 3715 1050 3806; x_wconf 87' lang='lat' dir='ltr'><strong>tradatur,</strong></span> <span class='ocrx_word' id='word_1_171' title='bbox 1069 3717 1202 3815; x_wconf 89' lang='lat' dir='ltr'><strong>scripto</strong></span> <span class='ocrx_word' id='word_1_172' title='bbox 1214 3717 1380 3790; x_wconf 87' lang='lat' dir='ltr'><strong>mandari</strong></span> <span class='ocrx_word' id='word_1_173' title='bbox 1395 3720 1566 3818; x_wconf 79' lang='lat' dir='ltr'><strong>praecepi·</strong></span> 
     </span>
     <span class='ocr_line' id='line_1_27' title="bbox 508 3831 1567 3929; baseline 0 -24"><span class='ocrx_word' id='word_1_174' title='bbox 508 3858 601 3905; x_wconf 90' lang='lat' dir='ltr'><strong>mus.</strong></span> <span class='ocrx_word' id='word_1_175' title='bbox 619 3837 663 3904; x_wconf 90' lang='lat' dir='ltr'><strong>Et</strong></span> <span class='ocrx_word' id='word_1_176' title='bbox 673 3846 714 3904; x_wconf 88' lang='lat' dir='ltr'><strong>ut</strong></span> <span class='ocrx_word' id='word_1_177' title='bbox 730 3832 854 3929; x_wconf 91' lang='lat' dir='ltr'><strong>quanti</strong></span> <span class='ocrx_word' id='word_1_178' title='bbox 870 3845 1012 3903; x_wconf 90' lang='lat' dir='ltr'><strong>constet</strong></span> <span class='ocrx_word' id='word_1_179' title='bbox 1026 3845 1152 3904; x_wconf 91' lang='lat' dir='ltr'><strong>nostro</strong></span> <span class='ocrx_word' id='word_1_180' title='bbox 1166 3831 1288 3903; x_wconf 87' lang='lat' dir='ltr'><strong>labore</strong></span> <span class='ocrx_word' id='word_1_181' title='bbox 1304 3832 1567 3905; x_wconf 91' lang='lat' dir='ltr'><strong>incrementum</strong></span> 
     </span>
     <span class='ocr_line' id='line_1_28' title="bbox 508 3945 1567 4049; baseline 0 -27"><span class='ocrx_word' id='word_1_182' title='bbox 508 3948 739 4049; x_wconf 86' lang='lat' dir='ltr'><strong>possessionis</strong></span> <span class='ocrx_word' id='word_1_183' title='bbox 763 3945 870 4043; x_wconf 91' lang='lat' dir='ltr'><strong>hujus</strong></span> <span class='ocrx_word' id='word_1_184' title='bbox 899 3947 1106 4039; x_wconf 87' lang='lat' dir='ltr'><strong>aestimetur,</strong></span> <span class='ocrx_word' id='word_1_185' title='bbox 1137 3945 1183 4018; x_wconf 91' lang='lat' dir='ltr'><strong>de</strong></span> <span class='ocrx_word' id='word_1_186' title='bbox 1214 3948 1458 4045; x_wconf 82' lang='lat' dir='ltr'><strong>praepositura,</strong></span> <span class='ocrx_word' id='word_1_187' title='bbox 1489 3975 1567 4047; x_wconf 87' lang='lat' dir='ltr'><strong>quae</strong></span> 
     </span>
     <span class='ocr_line' id='line_1_29' title="bbox 509 4061 1566 4163; baseline 0 -25"><span class='ocrx_word' id='word_1_188' title='bbox 509 4092 584 4138; x_wconf 91' lang='lat' dir='ltr'><strong>non</strong></span> <span class='ocrx_word' id='word_1_189' title='bbox 611 4064 692 4163; x_wconf 89' lang='lat' dir='ltr'><strong>plus</strong></span> <span class='ocrx_word' id='word_1_190' title='bbox 717 4087 826 4159; x_wconf 90' lang='lat' dir='ltr'><strong>quam</strong></span> <span class='ocrx_word' id='word_1_191' title='bbox 849 4062 974 4157; x_wconf 84' lang='lat' dir='ltr'><strong>viginti</strong></span> <span class='ocrx_word' id='word_1_192' title='bbox 1001 4061 1112 4134; x_wconf 87' lang='lat' dir='ltr'><strong>libras</strong></span> <span class='ocrx_word' id='word_1_193' title='bbox 1134 4061 1251 4135; x_wconf 88' lang='lat' dir='ltr'><strong>valere</strong></span> <span class='ocrx_word' id='word_1_194' title='bbox 1267 4062 1417 4153; x_wconf 88' lang='lat' dir='ltr'><strong>solebat,</strong></span> <span class='ocrx_word' id='word_1_195' title='bbox 1441 4081 1566 4161; x_wconf 91' lang='lat' dir='ltr'><strong>quater</strong></span> 
     </span>
     <span class='ocr_line' id='line_1_30' title="bbox 509 4177 1567 4279; baseline -0.001 -26"><span class='ocrx_word' id='word_1_196' title='bbox 509 4182 631 4279; x_wconf 84' lang='lat' dir='ltr'><strong>viginti</strong></span> <span class='ocrx_word' id='word_1_197' title='bbox 649 4180 758 4252; x_wconf 86' lang='lat' dir='ltr'><strong>libras</strong></span> <span class='ocrx_word' id='word_1_198' title='bbox 771 4177 918 4274; x_wconf 86' lang='lat' dir='ltr'><strong>singulis</strong></span> <span class='ocrx_word' id='word_1_199' title='bbox 931 4179 1033 4250; x_wconf 89' lang='lat' dir='ltr'><strong>aunis</strong></span> <span class='ocrx_word' id='word_1_200' title='bbox 1046 4177 1233 4251; x_wconf 92' lang='lat' dir='ltr'><strong>habemus.</strong></span> <span class='ocrx_word' id='word_1_201' title='bbox 1248 4183 1464 4252; x_wconf 77' lang='lat' dir='ltr'><strong>Caeterarum</strong></span> <span class='ocrx_word' id='word_1_202' title='bbox 1482 4206 1567 4252; x_wconf 92' lang='lat' dir='ltr'><strong>vero</strong></span> 
     </span>
     <span class='ocr_line' id='line_1_31' title="bbox 509 4293 1568 4369; baseline -0.001 -1"><span class='ocrx_word' id='word_1_203' title='bbox 509 4295 811 4368; x_wconf 90' lang='lat' dir='ltr'><strong>consuetudinum</strong></span> <span class='ocrx_word' id='word_1_204' title='bbox 830 4294 1031 4366; x_wconf 87' lang='lat' dir='ltr'><strong>cotidianus</strong></span> <span class='ocrx_word' id='word_1_205' title='bbox 1047 4318 1131 4365; x_wconf 89' lang='lat' dir='ltr'><strong>usus</strong></span> <span class='ocrx_word' id='word_1_206' title='bbox 1155 4293 1270 4366; x_wconf 87' lang='lat' dir='ltr'><strong>multo</strong></span> <span class='ocrx_word' id='word_1_207' title='bbox 1290 4294 1493 4369; x_wconf 88' lang='lat' dir='ltr'><strong>melioratus</strong></span> <span class='ocrx_word' id='word_1_208' title='bbox 1516 4321 1568 4367; x_wconf 90' lang='lat' dir='ltr'><strong>re·</strong></span> 
     </span>
     <span class='ocr_line' id='line_1_32' title="bbox 509 4410 1568 4511; baseline -0.002 -26"><span class='ocrx_word' id='word_1_209' title='bbox 509 4437 592 4485; x_wconf 90' lang='lat' dir='ltr'><strong>rum</strong></span> <span class='ocrx_word' id='word_1_210' title='bbox 619 4412 881 4485; x_wconf 89' lang='lat' dir='ltr'><strong>incrementum</strong></span> <span class='ocrx_word' id='word_1_211' title='bbox 905 4410 1073 4482; x_wconf 87' lang='lat' dir='ltr'><strong>facillime</strong></span> <span class='ocrx_word' id='word_1_212' title='bbox 1098 4410 1269 4483; x_wconf 87' lang='lat' dir='ltr'><strong>disserere</strong></span> <span class='ocrx_word' id='word_1_213' title='bbox 1296 4413 1440 4511; x_wconf 88' lang='lat' dir='ltr'><strong>poterit.</strong></span> <span class='ocrx_word' id='word_1_214' title='bbox 1474 4412 1568 4483; x_wconf 77' lang='lat' dir='ltr'><strong>Anti·</strong></span> 
     </span>
     <span class='ocr_line' id='line_1_33' title="bbox 511 4510 1567 4626; baseline 0 -26"><span class='ocrx_word' id='word_1_215' title='bbox 511 4553 621 4626; x_wconf 89' lang='lat' dir='ltr'><strong>quam</strong></span> <span class='ocrx_word' id='word_1_216' title='bbox 639 4553 724 4602; x_wconf 82' lang='lat' dir='ltr'><strong>vero</strong></span> <span class='ocrx_word' id='word_1_217' title='bbox 747 4525 906 4625; x_wconf 86' lang='lat' dir='ltr'><strong>ejusdem</strong></span> <span class='ocrx_word' id='word_1_218' title='bbox 930 4542 1034 4599; x_wconf 81' lang='lat' dir='ltr'><strong>terre</strong></span> <span class='ocrx_word' id='word_1_219' title='bbox 1058 4510 1344 4623; x_wconf 68' lang='lat' dir='ltr'><strong>aduocationem,</strong></span> <span class='ocrx_word' id='word_1_220' title='bbox 1372 4528 1418 4600; x_wconf 89' lang='lat' dir='ltr'><strong>ad</strong></span> <span class='ocrx_word' id='word_1_221' title='bbox 1446 4528 1567 4600; x_wconf 89' lang='lat' dir='ltr'><strong>Firmi·</strong></span> 
     </span>
    </p>
   </div>
   <div class='ocr_carea' id='block_1_3' title="bbox 0 0 1887 5667">
    <p class='ocr_par' dir='ltr' id='par_1_3' title="bbox 0 0 1887 5667">
     <span class='ocr_line' id='line_1_34' title="bbox 0 0 1887 5667; baseline 0 0"><span class='ocrx_word' id='word_1_222' title='bbox 0 0 1887 5667; x_wconf 95' lang='lat' dir='ltr'><strong> </strong></span> 
     </span>
    </p>
   </div>
  </div>
 </body>
</html>
