3742 5667
764 754 944 814 ettalttttS.
1323 757 1381 814 323

319 885 508 960 notificare
521 885 604 958 volo
610 887 780 984 quoniam
783 945 794 978 ,
805 884 1014 958 accedentes
1026 884 1208 958 adnostrae
1216 885 1379 958 sublimi·

321 1003 405 1074 tatis
417 1002 654 1102 praesentiam,
661 1000 1020 1090 videlicetlohannes,
1032 999 1243 1089 hemardus,
1257 1005 1379 1074 Petrus

321 1133 431 1217 atque
456 1117 640 1209 Giraldus,
661 1118 697 1190 in
718 1119 926 1192 heremitica
946 1119 1017 1192 vita
1033 1116 1212 1214 degentes,
1229 1117 1381 1218 supplici

320 1235 507 1334 petierunt
520 1235 711 1310 devotione
727 1250 767 1308 ut
789 1260 850 1308 eos
866 1237 904 1309 in
921 1235 1140 1310 fraternitate
1157 1250 1277 1308 nostra
1289 1235 1380 1308 reci·

321 1376 506 1448 peremus.
527 1356 663 1423 locum
678 1375 764 1424 vero
777 1366 815 1424 et
827 1352 1013 1424 ecclesiam
1025 1351 1173 1424 illorum
1189 1351 1226 1423 in
1244 1349 1382 1423 honore

321 1463 440 1537 beatae
451 1465 569 1537 llariae
584 1462 631 1536 ab
648 1463 783 1536 eisdem
800 1464 1023 1556 aedilicatam,
1040 1487 1120 1562 quae
1135 1465 1238 1536 estin
1253 1488 1383 1562 parro-

322 1578 406 1652 chia
421 1581 468 1654 de
493 1576 692 1672 Parciaco¹,
712 1594 747 1652 et
766 1605 892 1653 omnes
912 1605 970 1652 res
995 1605 1075 1653 suas
1092 1605 1181 1678 quas
1204 1578 1382 1678 adquisie-

323 1711 405 1768 rant
419 1712 454 1769 et
463 1695 674 1795 adquisituri
688 1710 803 1786 erant,
821 1698 899 1768 Deo
914 1709 950 1768 et
959 1700 1089 1768 Sancto
1101 1695 1274 1792 Dionysio
1293 1720 1384 1767 con-

323 1826 519 1900 cesserunt,
539 1827 574 1884 et
583 1810 959 1910 subjectioniecclesiae
969 1810 1014 1884 de
1030 1807 1191 1909 Capella'
1205 1825 1383 1910 praecepto

325 1943 450 2001 nostro
463 1952 501 1999 se
514 1927 775 2018 submiserunt,
790 1928 839 1999 ita
858 1941 898 1999 ut
914 1927 1067 2026 amplius
1088 1926 1178 2001 alios
1198 1926 1326 2000 fratres
1345 1927 1382 1998 in

325 2041 457 2114 eodem
469 2042 551 2115 loco
562 2043 638 2116 sine
649 2044 748 2140 jussu
764 2043 895 2142 prioris
908 2041 1058 2141 Capellae
1068 2042 1230 2141 accipere
1246 2043 1295 2114 eis
1308 2067 1382 2114 non

326 2156 443 2230 liceat.
467 2161 539 2231 Nos
559 2182 705 2257 quoque
729 2183 772 2231 ex
796 2173 897 2255 parte
923 2172 1044 2231 nostra
1068 2158 1119 2230 eis
1141 2158 1383 2232 concessimus

326 2287 379 2358 ut,
397 2272 568 2370 quamdiu
584 2274 652 2372 ipsi
668 2273 811 2361 vellent,
833 2273 870 2343 in
888 2271 1015 2344 babitu
1030 2295 1104 2344 suo‘
1118 2286 1381 2370 permanerent.

325 2399 362 2472 si
377 2415 499 2472 autem
514 2397 561 2471 ad
573 2397 821 2471 monachalem
832 2397 1043 2494 religionem
1055 2396 1224 2469 accedere
1236 2394 1382 2488 vellent,

327 2530 367 2589 nt
389 2516 513 2588 fratres
528 2515 734 2588 monasterii
757 2514 1009 2612 reciperentur.

372 2635 550 2726 Regnante
572 2631 768 2716 Ludorico,
779 2654 861 2726 rege
878 2633 1109 2720 Francorum,
1121 2627 1310 2724 Wulgrino
1324 2628 1382 2699 Bi-

329 2746 558 2842 turigensium
573 2746 840 2844 archiepiscopo
863 2744 1052 2836 existente,
1070 2745 1141 2816 hoc
1156 2743 1224 2816 fuit
1248 2741 1381 2815 confir·

330 2862 480 2952 matum,
499 2861 595 2959 apud
611 2859 803 2960 Capellam,
822 2860 860 2931 in
878 2883 988 2931 manu
1010 2857 1150 2932 ttodutfi
1167 2859 1307 2957 prioris,
1324 2881 1383 2929 co·

328 3002 402 3050 ram
423 2976 610 3050 monachis
632 2991 668 3049 et
683 2976 818 3050 clericis
833 2988 870 3047 et
886 2974 1012 3047 laicis⁸.

366 3220 396 3277 l.
409 3214 586 3294 Parciacum,
603 3215 664 3276 sive
682 3216 864 3296 anlyacnm,
878 3209 1014 3274 nnnc'est
1030 3218 1150 3288 Par-sac,
1165 3214 1257 3294 prope
1272 3217 1383 3274 Gomon

331 3309 650 3481 &mmmm
667 3402 796 3482 (Aliter),
808 3401 839 3462 in
849 3402 940 3462 reteri
954 3421 1030 3482 pago
1043 3399 1225 3462 Bituricensi.

367 3504 396 3561 3.
409 3504 435 3558 Α
448 3497 571 3558 Chesnio
593 3523 606 3555 ι
621 3518 658 3557 ex
672 3496 827 3557 cartulario
836 3496 963 3556 ecclesia
975 3495 1066 3555 beatae
1078 3497 1176 3554 Mariae
1187 3493 1224 3553 de
1236 3492 1351 3573 Capella
1367 3519 1380 3546 ι

330 3591 444 3662 editum,
458 3594 508 3664 tv,
525 3595 594 3654 atto.
607 3623 648 3638 -
660 3589 805 3663 Charand,
819 3594 901 3654 can.
913 3593 949 3648 de
961 3595 1001 3647 Lo
1013 3589 1254 3666 chapelle-Arde,
1267 3607 1299 3667 p.
1310 3591 1380 3648 tot.
