3742 5667
492 807 551 865 tro
712 812 875 871 mutnus
895 798 1110 874 counimus
1130 816 1180 873 ne
1200 814 1336 879 sucus.

489 939 692 1037 applicans,
709 959 858 1042 portum
889 944 1073 1045 placidum
1102 947 1351 1045 apprehendit.
1373 948 1557 1021 Excitatus

489 1072 611 1130 autem
625 1061 849 1157 crepusculo,
862 1062 929 1134 iter
944 1078 1102 1162 coeptum
1115 1063 1333 1160 aggrediens,
1350 1088 1436 1136 cum
1449 1064 1558 1137 visio-

489 1196 576 1247 nem
607 1190 644 1246 et
674 1177 819 1249 visionis
853 1180 1183 1278 interpretationem
1213 1196 1248 1253 et
1282 1204 1486 1253 memorare
1515 1193 1555 1252 et

490 1290 666 1386 assignare
682 1294 803 1366 eundo
818 1295 930 1368 multa
946 1297 1178 1370 meditatione
1204 1295 1407 1369 laborarem
1440 1296 1558 1393 (time-

490 1405 574 1481 bam
595 1408 693 1480 enim
710 1409 886 1482 fluctuum
905 1411 1130 1485 infestatione
1150 1412 1296 1511 aliquod
1315 1436 1419 1509 grave
1434 1412 1552 1483 inlor-

490 1522 633 1594 tunium
642 1523 731 1595 mihi
740 1524 1342 1627 significari),0ccur1itsubitopuer
1350 1526 1547 1618 familiaris,

490 1639 553 1735 qui
572 1663 674 1712 meos
692 1658 823 1740 meque
847 1667 1108 1739 recognoscens
1128 1644 1228 1718 laetus
1248 1659 1285 1716 et
1304 1642 1416 1717 tristis
1435 1644 1553 1739 singu·

490 1754 622 1829 larem¹
642 1756 777 1850 educit,
796 1757 936 1831 domini
952 1762 1066 1834 nostri
1085 1762 1191 1834 bonae
1206 1760 1388 1833 memoriae
1413 1758 1551 1832 abbatis

492 1870 575 1943 tdae
589 1874 822 1945 antecessoris
838 1875 1023 1947 decessum
1040 1875 1241 1969 denuntiat,
1259 1900 1489 1949 communem
1503 1874 1551 1947 de

491 2012 644 2086 persona
659 2007 782 2061 nostra
803 1991 914 2089 pleno
937 2008 1119 2065 conventu
1143 1993 1274 2065 saetam
1298 1991 1508 2063 electionem
1523 1992 1546 2061 ¹.

490 2104 562 2175 Sed
584 2106 669 2201 quia
689 2105 892 2181 inconsulto
913 2132 994 2205 rege
1018 2110 1152 2182 lactum
1171 2110 1298 2197 fuerat,
1322 2106 1488 2179 meliores
1514 2119 1551 2177 et

490 2218 726 2316 religiosiores
746 2222 914 2315 fratrum,
937 2224 1068 2298 milites
1095 2226 1203 2297 etiam
1225 2223 1433 2315 nobiliores,
1465 2246 1549 2293 cum

490 2332 704 2409 obtulissent
737 2337 889 2412 domino
923 2342 998 2437 regi
1035 2341 1248 2413 electionem
1286 2354 1327 2411 ut
1366 2361 1551 2410 assensum

490 2452 677 2549 preberet,
695 2455 817 2529 multis
832 2456 981 2532 allectos
999 2456 1181 2549 conviciis,
1201 2456 1393 2528 Aurelianis
1406 2454 1550 2527 castello

490 2568 647 2641 inclusos
662 2588 831 2669 reportat.
852 2572 1000 2645 Obortis
1013 2575 1132 2671 itaque
1150 2571 1353 2668 lachrymis,
1369 2571 1461 2669 patri
1478 2568 1550 2667 spi·

491 2682 585 2754 ritali
599 2701 636 2758 et
658 2688 828 2760 nutritori
841 2714 925 2761 meo
942 2690 1174 2761 humanitatis
1196 2704 1233 2761 et
1251 2688 1393 2785 pietatis
1416 2685 1551 2757 ellectu

490 2801 724 2899 compatiens,
754 2803 800 2876 de
826 2821 946 2878 morte
973 2804 1161 2903 temporali
1187 2804 1340 2899 graviter
1365 2801 1502 2893 dolens,
1528 2826 1551 2873 a

490 2930 664 3013 perpetua
684 2942 767 2990 eum
788 2920 865 2991 erui
883 2921 1110 2993 devotissime
1130 2919 1288 2991 divinam
1308 2914 1552 3015 implorabam

490 3032 793 3128 propitiationem.
808 3041 900 3108 Cum
914 3051 1035 3109 autem
1045 3051 1081 3108 et
1094 3035 1289 3107 multorum
1306 3031 1551 3105 consolatione

490 3148 665 3222 comitum
688 3151 817 3249 etipsa
839 3155 910 3224 mel
933 3152 1149 3224 discretione
1171 3148 1218 3221 ad
1233 3149 1409 3247 meipsum
1425 3146 1552 3219 rediis-

490 3284 579 3353 sem,
596 3265 723 3362 triplici
734 3266 892 3362 angebar
907 3265 1096 3366 dispendio
1114 3294 1122 3337 :
1137 3280 1257 3338 utrum
1272 3278 1397 3337 contra
1409 3262 1551 3335 domiui

490 3377 582 3472 regis
605 3380 824 3455 voluntatem
847 3383 1059 3455 electionem
1081 3380 1290 3479 suscipiens,
1315 3378 1469 3451 ecclesiae
1491 3402 1551 3450 ro-

489 3516 605 3565 manae
620 3496 738 3593 rigore
756 3514 792 3571 et
808 3499 948 3571 domini
963 3523 1062 3597 papae
1078 3498 1204 3569 Calixti
1224 3496 1287 3593 qui
1307 3520 1367 3568 me
1379 3494 1551 3589 diligebat

490 3612 714 3705 auctoritate,
732 3631 883 3689 matrem
909 3616 1092 3688 ecclesiam
1113 3638 1192 3712 quae
1207 3638 1228 3683 a
1244 3611 1404 3683 mamilla
1423 3612 1549 3707 gratis·

491 3728 582 3798 simo
606 3728 826 3804 liberalitatis
845 3757 916 3805 suae
937 3731 1073 3829 gremio
1100 3729 1304 3803 dulcissime
1328 3728 1449 3799 fovere
1473 3750 1547 3799 non

492 3839 692 3932 destiterat,
720 3846 917 3947 dilapidare
942 3861 976 3918 et
999 3869 1190 3941 emungere
1219 3858 1374 3940 utroque
1400 3840 1547 3940 dissipa·

490 3970 581 4048 tore,
600 3960 786 4034 occasione
809 3966 897 4055 mel,
915 3988 999 4033 cum
1016 3983 1214 4058 numquam
1233 3960 1303 4032 tale
1326 3957 1414 4056 quid
1437 3958 1547 4029 allec·

492 4084 643 4165 tassent,
671 4078 908 4171 sustinerem,
943 4092 1065 4151 utrum
1094 4076 1223 4148 fratres
1250 4089 1286 4146 et
1318 4073 1452 4146 amicos
1479 4098 1548 4172 pro

534 4353 565 4409 l·
579 4354 739 4429 Singultum
755 4352 908 4432 legendum
922 4350 1079 4433 conjiciunt
1092 4348 1280 4411 Benedictini.

490 4447 562 4612 nyiii
572 4446 662 4598 {thiubu}
673 4447 821 4524 tundis
835 4445 973 4507 februarii
986 4449 1037 4519 19,
1050 4455 1234 4506 mortuusest
1244 4442 1349 4517 Adam,
1361 4440 1460 4502 Sancti
1480 4438 1551 4502 Dio·
