3742 5667
514 726 573 783 aas
733 718 901 777 caninas
922 701 1137 777 courrieres
1156 717 1207 774 nn
1226 714 1361 777 suom.

512 872 550 931 et
564 855 650 928 inde
664 852 836 951 gemellis,
855 874 921 924 nec
937 850 1030 942 altis,
1046 874 1112 923 nec
1129 848 1220 948 aptis
1236 849 1409 941 multum,
1423 851 1490 925 sed
1505 850 1583 923 mi·

512 970 681 1045 nantibus
694 970 849 1057 ruinam,
860 966 1023 1043 turribus
1038 965 1248 1062 angebatur,
1265 988 1307 1037 ea
1320 966 1467 1065 inpane
1483 967 1584 1040 inito

512 1088 656 1163 directae
679 1084 896 1159 testitudinis
923 1097 961 1156 et
984 1083 1208 1179 geminarum
1239 1082 1395 1155 turrium
1420 1083 1582 1157 robusto
1683 1132 1689 1145 .

510 1204 616 1277 valde
625 1202 863 1277 fundamento
876 1199 1067 1290 materiali,
1080 1198 1327 1271 robustissimo
1337 1215 1458 1274 autem
1466 1201 1581 1299 spiri·

511 1319 610 1413 tuali,
625 1319 755 1417 dequo
766 1317 899 1391 dicitur
915 1315 1224 1389 :Fundameuutm
1234 1314 1335 1388 aliud
1347 1341 1451 1388 nemo
1456 1334 1586 1415 potest

505 1462 643 1535 ponere
661 1452 799 1533 praeter
829 1432 869 1505 id
889 1431 986 1533 quod
1001 1435 1160 1529 positum
1183 1447 1250 1521 est,
1277 1430 1374 1530 quod
1393 1450 1449 1505 est
1472 1434 1581 1505 Chre-

508 1570 586 1625 stus
598 1558 701 1625 lesus
715 1555 737 1643 ¹,
754 1550 920 1623 laborare
942 1564 1086 1621 strenue
1098 1552 1176 1621 Deo
1192 1564 1408 1647 cooperante
1423 1550 1580 1649 inooepi-

511 1694 592 1741 mus
606 1669 630 1740 ⁸.
649 1668 758 1765 Cujus
773 1664 1012 1739 inaestimabili
1023 1665 1104 1737 freti
1122 1664 1271 1737 consitio
1286 1679 1325 1737 et
1343 1665 1579 1763 irrefragabili

511 1783 656 1875 auxilio,
674 1807 788 1881 usque
805 1782 896 1855 adeo
911 1782 1065 1853 intanto
1081 1794 1228 1879 tamque
1240 1794 1452 1880 sumptuoso
1464 1805 1579 1880 opere

510 1899 743 1999 profecimus,
756 1913 810 1987 ut,
825 1922 909 1971 cum
922 1896 1082 1995 primum
1096 1919 1212 1994 pauca
1225 1894 1463 1994 expendendo
1480 1897 1577 1969 mul-

509 2015 568 2105 tis,
579 2012 707 2087 exinde
715 2013 830 2086 multa
841 2010 1019 2112 explendo
1031 2010 1138 2083 nullis
1156 2012 1306 2084 omnino
1315 2010 1576 2109 indigeremus,

510 2150 636 2198 verum
665 2124 772 2196 etiam
802 2121 1050 2197 habundando
1079 2120 1276 2195 fateremur
1310 2126 1578 2223 :Sufficientm

510 2256 636 2311 nostra
656 2264 703 2311 ex
719 2244 795 2309 Deo
813 2254 869 2309 est
880 2240 904 2313 ⁸.
923 2236 1078 2315 Materiae
1091 2251 1213 2309 autem
1228 2235 1455 2311 validissimas
1478 2263 1576 2310 nova

510 2354 702 2453 quadraria
724 2352 839 2453 qualis
858 2369 894 2426 ct
913 2367 1046 2450 quanta
1064 2376 1253 2451 nunquam
1271 2353 1310 2424 in
1323 2352 1487 2451 partibus
1499 2355 1576 2427 istis

509 2471 789 2564 inventafuerat,
801 2474 878 2543 Deo
889 2469 1237 2562 donante‚oocurrit.
1248 2471 1572 2565 Cementariorum,

508 2589 768 2680 lathomorum,
786 2583 1027 2686 sculptorum,
1041 2600 1079 2658 et
1089 2586 1243 2658 aliorum
1253 2588 1503 2686 operariorum
1518 2612 1575 2661 so-

508 2704 577 2778 lers
592 2702 806 2778 succedebat
819 2703 1032 2799 frequentia,
1053 2717 1093 2774 ut
1111 2728 1154 2775 ex
1165 2701 1238 2775 hoc
1254 2718 1292 2777 et
1306 2703 1383 2775 aliis
1397 2704 1575 2777 Divinitas

508 2820 554 2893 ab
581 2820 653 2892 boc
675 2819 774 2917 quod
799 2818 1017 2893 timebamus
1039 2818 1261 2911 absolveret,
1286 2834 1323 2893 et
1348 2818 1573 2912 voluntatem

507 2961 609 3009 suam
634 2934 741 3008 nobis
774 2935 1015 3009 confortando
1040 2950 1077 3008 et
1097 2936 1281 3035 inopinata
1306 2936 1574 3035 suppeditando

507 3054 734 3129 ministraret.
758 3054 996 3127 Conferebam
1014 3054 1060 3127 de
1073 3055 1232 3127 minimis
1246 3056 1294 3129 ad
1307 3056 1476 3146 maxima,
1496 3081 1572 3128 non

506 3171 589 3271 plus
613 3171 884 3244 salomonianas
907 3196 993 3270 opes
1023 3170 1160 3271 templo
1181 3196 1292 3269 quarn
1320 3186 1462 3245 nostras
1486 3171 1573 3244 huic

507 3289 608 3385 operi
624 3286 786 3359 sufficere
801 3310 917 3385 posse,
934 3286 1001 3359 nisi
1018 3286 1116 3359 idem
1132 3286 1292 3384 ejusdem
1309 3288 1429 3387 operis
1444 3300 1571 3360 auctor

505 3401 807 3475 ministratoribus
821 3402 967 3501 copiose
981 3417 1210 3501 prepararet.
1224 3402 1398 3477 Identitas
1413 3404 1571 3476 auctoris

505 3533 541 3590 et
561 3518 680 3615 operis
693 3518 943 3592 sufficientiam
959 3518 1042 3591 sacit
1060 3520 1254 3618 operantis.

552 3638 594 3705 In
610 3632 754 3728 agendis
770 3634 947 3731 siquidem
963 3634 1184 3732 hujusmodi,
1200 3638 1363 3736 apprime
1374 3635 1421 3708 de
1435 3660 1569 3709 conve-

502 3748 636 3821 nientia
651 3766 687 3823 et
700 3749 912 3823 cohaerentia
931 3751 1069 3849 antiqui
1095 3765 1132 3824 et
1150 3753 1235 3825 novi
1260 3753 1377 3852 operis
1397 3751 1569 3825 sollicitus

502 3865 600 3939 unde
615 3890 832 3940 marmoreas
845 3881 910 3939 aut
929 3869 1142 3942 marmoreis
1157 3870 1426 3969 aequipollentes
1450 3868 1567 3942 habe-

543 4177 573 4236 t.
590 4174 673 4234 Pauli
688 4187 781 4255 apost.
797 4178 812 4233 t
829 4176 868 4235 ad
880 4178 964 4252 Cor„
979 4197 1024 4253 ru,
1046 4182 1095 4238 tt.

542 4270 574 4328 2.
588 4269 631 4328 Cf.
654 4267 762 4329 librum
784 4269 897 4348 Sugetii
917 4276 962 4331 De
979 4272 1062 4331 rebus
1076 4279 1106 4331 iu
1124 4274 1373 4337 administratione
1389 4282 1445 4335 sud
1463 4281 1562 4356 gestis,

506 4380 572 4516 eng.
584 4382 666 4517 biiii
683 4468 777 4540 apost.
793 4460 811 4517 2
825 4458 863 4518 ad
877 4460 961 4533 Cor„
978 4478 1026 4541 ur,
1043 4464 1074 4523 5.
