3742 5667
695 803 757 859 vm
778 805 827 860 DE
849 805 986 863 SUGER.
1305 810 1364 868 toa

303 933 395 1029 elegi
412 947 608 1033 utcumque
636 933 804 1028 scribere,
826 959 936 1033 quam
953 935 1217 1031 ingratitudinis
1233 939 1289 1014 vel
1304 966 1367 1012 ne·

304 1047 479 1146 gligentiae
494 1065 619 1123 notam
638 1049 830 1123 incurrere.
850 1050 887 1121 Si
903 1050 961 1122 eui
976 1049 1073 1121 visus
1088 1049 1190 1124 fuero
1202 1067 1364 1153 respectu

305 1167 521 1239 meritorum
536 1191 649 1265 pauca
671 1166 863 1265 scripsisse,
882 1166 1014 1263 cogitet
1031 1191 1090 1238 me
1106 1165 1182 1266 ipsa
1194 1168 1365 1241 brevitate

304 1281 492 1354 modernis
520 1282 740 1354 consuluisse
771 1281 978 1354 lectoribus.
1002 1283 1073 1370 Qui
1095 1307 1182 1355 vero
1204 1300 1367 1357 causatus

307 1397 416 1470 fuerit
431 1397 581 1470 modum
599 1423 657 1469 me
683 1397 720 1468 in
747 1397 937 1471 scribendo
954 1397 1155 1489 excessisse,
1171 1397 1265 1494 legat
1288 1423 1368 1496 quas

306 1511 406 1585 idem
421 1513 563 1613 scripsit
579 1527 675 1609 gesta
689 1514 799 1609 regia,
814 1511 919 1608 legat,
932 1513 961 1584 si
978 1511 1077 1603 libet,
1088 1513 1219 1612 scripta
1231 1513 1277 1586 de
1289 1528 1367 1587 toto

308 1627 360 1701 illi
378 1628 468 1701 orbe
487 1628 636 1720 directa,
655 1643 690 1700 et
704 1643 895 1727 cognoscet
912 1629 1017 1726 longe
1034 1630 1122 1709 citra
1147 1654 1268 1702 rerum
1284 1631 1369 1702 emi-

308 1746 469 1818 nentiam
482 1769 542 1817 me
559 1743 701 1818 desisse.
722 1745 805 1816 Sola
825 1768 885 1815 me
912 1731 1049 1817 aestimo
1068 1744 1303 1818 fundamenta
1314 1753 1369 1844 je-

307 1861 409 1952 cisse,
424 1861 462 1932 in
480 1860 609 1959 quibus
620 1859 784 1932 celsiores
800 1859 995 1957 aliquando
1008 1877 1155 1958 surgant
1169 1878 1365 1936 structurae.

308 1981 350 2049 In
362 1976 451 2050 silva
467 1976 630 2050 densiore
655 1975 848 2049 informem
866 1991 902 2048 et
919 1975 1102 2050 modicam
1123 1977 1236 2076 dejeci
1255 1993 1369 2051 mate·

309 2095 415 2186 riem,
435 2092 630 2166 electorum
654 2093 835 2165 artificum
849 2091 1016 2166 manibus
1031 2093 1190 2167 formam
1207 2094 1372 2193 quando·

310 2233 382 2306 que
395 2224 651 2308 suscepturam.

359 2323 504 2423 Reliqua
520 2348 599 2422 quae
618 2321 664 2394 ad
682 2323 759 2420 ejus
779 2338 940 2423 spectant
955 2327 1158 2419 transitum,
1174 2330 1282 2423 qu'am
1295 2323 1371 2420 glo-

310 2441 404 2514 riose
438 2441 571 2512 scilicet
599 2440 779 2512 transierit
810 2441 872 2538 qui
906 2456 981 2513 tam
1013 2440 1240 2514 laudabiliter
1267 2440 1370 2532 vixit,

310 2581 421 2656 quam
437 2553 631 2628 laudabiles
653 2555 785 2627 fuerint
801 2559 969 2654 exequiae,
989 2582 1097 2654 quam
1114 2556 1273 2629 celebres
1288 2580 1375 2656 per-

312 2697 406 2745 sonae
448 2671 678 2744 interfuerint
717 2670 918 2770 sepulturae,
947 2671 1097 2769 epistola
1121 2671 1181 2743 illa
1214 2697 1322 2770 quam
1340 2687 1375 2743 te

312 2803 457 2884 rogante
471 2786 517 2860 de
530 2788 605 2883 ejus
616 2811 759 2858 excessu
772 2786 881 2877 edidi,
891 2787 982 2858 scire
995 2785 1223 2885 cupientibus
1234 2786 1375 2885 plenius

312 2900 687 2996 ostendet.,Denique,
715 2923 738 2969 o
769 2897 909 2970 felicem
936 2914 985 2990 te,
1010 2898 1150 2970 felicem
1177 2923 1325 2996 quoque
1341 2914 1377 2970 et

312 3041 384 3108 me,
402 3016 533 3115 quibus
551 3015 675 3087 datum
695 3015 742 3087 sit
769 3028 805 3087 et
834 3015 916 3087 vivo
933 3029 970 3086 et
992 3029 1134 3086 mortuo
1157 3015 1374 3105 ministrare,

313 3156 469 3230 quorum
505 3130 672 3203 manibus
704 3129 861 3228 pretiosa
889 3130 965 3226 jam
998 3132 1199 3202 exanimato
1233 3130 1376 3227 corpori

314 3263 397 3320 sunt
421 3247 538 3319 infusa
564 3246 744 3319 balsama!
773 3248 888 3336 Nunc,
909 3245 1007 3342 quod
1027 3246 1227 3345 optandum
1252 3259 1374 3337 restat,

314 3365 452 3436 utinam
466 3366 580 3435 nostrl
594 3385 734 3434 memor
750 3362 795 3433 sit
816 3375 851 3432 et
873 3386 941 3459 pro
955 3361 1062 3433 nobis
1085 3376 1164 3433 oret
1179 3361 1241 3457 qui
1257 3358 1379 3431 nobis·

315 3504 398 3551 cum
417 3503 520 3551 orare
543 3491 790 3568 consueverat,
809 3492 848 3548 ut
860 3477 962 3572 cujus
988 3477 1158 3549 convictu
1190 3475 1299 3571 gavisi
1321 3501 1379 3548 su-

315 3619 410 3686 mus,
425 3593 649 3668 orationibus
668 3593 878 3666 fulciamur!
896 3597 942 3665 Et
955 3591 1115 3690 quidem,
1128 3593 1157 3663 si
1172 3590 1271 3663 hunc
1283 3588 1378 3662 bene

315 3712 432 3800 novi¹,
459 3712 509 3784 ita
531 3725 571 3782 ut
596 3735 693 3783 nunc
720 3723 773 3782 est
792 3709 931 3782 aeternis
956 3707 1137 3780 immixtus
1157 3703 1307 3802 gaudiis,
1323 3708 1378 3778 sui

316 3827 473 3900 nominis
486 3824 644 3899 officium
660 3825 810 3925 implere
824 3851 898 3897 non
917 3824 1057 3897 desinit.
1074 3827 1161 3894 Nam
1175 3823 1237 3920 qui
1254 3821 1379 3895 nobis·

317 3969 400 4016 cum
417 3943 535 4016 adhuc
552 3943 689 4040 positus
709 3941 914 4041 principum
926 3939 1130 4012 celsitudini
1146 3962 1214 4036 pro
1226 3935 1380 4009 subditis

317 4059 541 4155 suggerebat,
564 4084 661 4131 nunc
679 4081 824 4155 quoque
854 4079 923 4156 pro
952 4055 1092 4128 devotis
1106 4069 1142 4126 et
1158 4051 1380 4152 supplicibus

317 4176 525 4275 conspectui
548 4174 752 4248 Divinitatis
773 4171 998 4270 suggerendo
1025 4170 1212 4267 Suggerius
1234 4168 1376 4241 assistit.

362 4452 389 4507 l.
406 4453 477 4508 Novi
492 4445 559 4507 cod.
578 4465 630 4504 ms.
654 4456 683 4503 et
699 4442 747 4503 ed.
769 4439 886 4502 baronis
898 4440 936 4502 de
956 4438 1072 4499 Altolio.
1088 4472 1123 4485 -
1141 4437 1284 4500 Nor-ised,
1303 4437 1380 4498 Feli·

320 4541 408 4603 biani.
422 4572 462 4589 —
477 4541 561 4600 Neris
577 4539 624 4600 ed.
640 4536 746 4598 Bened.
