3742 5667
596 735 862 810 rescierimus
883 751 1206 813 conrmsrossrns.
1372 754 1432 812 tm

399 880 522 951 Massa
536 881 643 950 valens
657 881 747 973 operi
761 880 805 947 sic
821 882 1031 948 conveniebat
1048 883 1186 972 utrique,

458 989 505 1052 Ut
514 986 566 1053 vel
575 1001 683 1077 posset
695 987 807 1065 homo,
826 983 873 1050 vel
886 987 975 1052 Deus
988 982 1063 1050 hinc
1079 984 1166 1069 fleri3

400 1087 615 1178 Fecissetque
629 1090 734 1155 Deum
746 1090 826 1166 Dea,
840 1091 875 1153 nt
887 1085 996 1177 superi
1012 1086 1199 1170 vetuissent,

458 1192 605 1275 Quorum
614 1189 746 1257 consilio
760 1189 850 1281 quod
860 1188 936 1256 fucit
950 1213 1048 1255 omne
1058 1188 1148 1256 fucit.

404 1293 611 1360 Pertimuere
621 1294 763 1384 quidem,
779 1292 858 1360 nesi
872 1310 959 1360 totus
971 1295 1057 1359 Deus
1073 1315 1167 1374 esses,

456 1396 659 1488 Deprimeres
675 1395 845 1463 aliosmirs
860 1395 1022 1487 patrando
1038 1397 1135 1463 Deos.

406 1500 537 1566 Invidia
548 1515 656 1566 temen
669 1508 818 1590 superum
835 1498 1008 1588 permixtus
1021 1515 1170 1590 utroque,

457 1601 591 1669 Semivir
604 1599 749 1681 efficeris,
766 1599 988 1692 semideusqus
997 1599 1105 1671 simul.

407 1703 588 1771 Dimidium
600 1726 714 1770 mnssae
728 1719 835 1770 tecum
846 1703 987 1770 retinens
1003 1702 1037 1768 in
1049 1718 1200 1795 utroque,

455 1808 523 1874 Nec
535 1809 585 1872 vir
600 1829 634 1873 ss
648 1808 769 1896 absque
782 1807 863 1885 Deo,
877 1828 937 1873 nec
952 1807 1040 1874 Deus
1050 1807 1171 1897 absque
1184 1807 1267 1875 viro.

409 1910 458 1974 Ex
473 1908 535 1974 ulio
551 1909 658 1975 divina
671 1910 761 1999 cupis
774 1907 946 1997 divinoque
959 1923 1093 1988 tructus,ยน

454 2011 495 2076 Et
510 2032 581 2100 quae
593 2025 665 2076 sunt
677 2007 819 2076 hominis
831 2007 956 2100 perficis
971 2032 1010 2074 ex
1023 2007 1099 2075 olio.

409 2112 466 2178 Est
478 2135 518 2178 ex
531 2110 638 2178 divina
652 2126 778 2191 netum,
793 2109 880 2200 quod
895 2111 954 2177 tibi
967 2110 1063 2178 coelos

453 2213 678 2302 Coelorumque
696 2215 779 2280 Deos
792 2213 898 2304 pingis
915 2210 949 2278 in
964 2213 1111 2280 ecclesie.

408 2312 466 2376 Est
478 2333 519 2377 ex
531 2310 684 2390 humane,
699 2309 787 2400 quod
799 2332 934 2400 regnum
948 2311 1092 2401 protegis
1105 2312 1214 2393 armis,

451 2415 658 2504 Augeturqne
674 2410 736 2477 tuis
747 2411 875 2502 publicu
890 2432 942 2477 res
952 2410 1077 2478 studiis.

406 2516 448 2580 Et
462 2539 548 2581 nunc
559 2513 716 2582 semideus
730 2513 763 2579 in
779 2514 899 2604 templo
912 2514 1021 2580 cmlica
1037 2531 1166 2596 tructas,

450 2619 543 2686 Nunc
554 2619 604 2683 vir
620 2619 653 2683 in
666 2615 752 2682 bello
768 2613 864 2682 sortis
877 2615 959 2680 facts
973 2615 1068 2706 geris.

405 2719 455 2785 Sic
468 2719 609 2785 hominis
620 2740 811 2806 causamque
823 2718 883 2782 Dei
896 2716 1069 2782 moderans
1081 2716 1115 2782 in
1129 2733 1277 2810 utroque,

447 2825 493 2888 Ut
506 2847 556 2889 res
570 2822 623 2888 itta
637 2823 706 2887 Deo
719 2839 886 2912 congmst,
903 2823 971 2888 haec
986 2821 1124 2888 homini.

404 2927 468 3010 Qui
482 2926 560 2992 dum
574 2927 770 2990 Francorum
784 2925 922 3014 populos
937 2948 1013 2990 cum
1026 2948 1102 3015 rege
1117 2929 1290 3016 gubernas,

447 3029 524 3095 Post
536 3051 644 3118 regem
662 3027 752 3117 quasi
768 3049 823 3094 rex
834 3045 958 3122 sceptra
972 3027 1110 3094 secunde
1123 3046 1224 3096 tenes.

402 3133 469 3198 Nec
479 3155 635 3222 maguum
651 3131 823 3220 quidquam
835 3130 902 3198 sine
915 3148 948 3197 te
963 3155 1020 3198 rex
1033 3131 1157 3221 perficit
1172 3157 1326 3223 uuquam,

445 3239 513 3305 Nec
527 3237 702 3327 quidquem
717 3261 869 3328 magnum
883 3256 917 3304 tu
928 3239 997 3317 sinc
1011 3261 1087 3327 rege
1105 3237 1196 3305 sucis.

401 3349 504 3412 Tanta
521 3344 647 3410 duobus
661 3343 744 3410 inest
757 3346 849 3410 vobis
866 3344 1040 3411 concordia
1051 3345 1138 3426 facti,

444 3449 488 3512 Ut
499 3464 611 3513 neuter
625 3443 709 3512 facto
725 3447 883 3538 discrepet
895 3448 1037 3517 alterius.

401 3550 491 3616 Alter
506 3551 540 3614 in
550 3547 678 3615 alterius
688 3551 738 3644 'sic
750 3568 798 3618 est
812 3551 977 3618 devinctus
990 3578 1113 3643 amore,

444 3651 584 3716 Alterius
595 3654 684 3740 quusi
699 3674 755 3716 cor
768 3650 906 3742 pendeat
918 3675 958 3717 ex
975 3655 1052 3723 alio.

400 3753 543 3843 Denique
558 3755 662 3818 Roma
678 3770 806 3843 potens,
822 3755 871 3820 cui
888 3770 973 3821 totus
988 3755 1125 3827 flectitur
1141 3764 1241 3843 orbis,

443 3855 557 3924 Flectit
568 3855 609 3920 ad
624 3855 814 3944 obsequium
831 3855 911 3921 colla
926 3863 1065 3948 superba
1077 3879 1184 3948 tuum3

397 3959 465 4025 Nec
478 3958 549 4048 plus
562 3958 739 4024 Coesuribus
753 3961 862 4049 magni
874 3961 1024 4029 concedit
1035 3966 1168 4032 honoris

441 4062 547 4145 Quum
561 4059 631 4144 tibi,
645 4063 786 4127 Caesariis
800 4060 841 4127 sit
855 4061 928 4128 licet
942 4081 1037 4132 aucta
1050 4067 1156 4135 bonis.

397 4165 449 4229 sd
463 4180 579 4227 nutum
593 4162 669 4252 ligat
681 4162 734 4228 ills
749 4180 853 4243 tuum,
867 4164 1026 4256 solvitque
1041 4187 1224 4253 nocentem,

441 4265 484 4330 Et
499 4287 594 4355 quem
608 4263 763 4352 justificas
776 4289 843 4330 non
853 4265 929 4332 sinit
942 4291 1010 4335 esse
1022 4294 1127 4337 reum.

396 4371 559 4461 Quodque
573 4370 634 4438 tuis
645 4369 745 4438 titulis
759 4372 892 4454 accedit,
910 4374 1069 4465 quidquid
1085 4377 1118 4442 in
1132 4380 1213 4444 urbe

440 4473 585 4554 lasseris,
598 4474 753 4541 infectum
768 4497 833 4542 non
846 4476 931 4542 valet
940 4500 1010 4544 esse
1025 4477 1092 4544 diu.
