3742 5667
574 838 638 895 ΠΕ
656 838 708 895 DE
726 836 839 897 Louts
860 839 907 897 Lll
927 836 1039 897 GROS.
1276 841 1333 900 ll'l

276 998 295 1037 ι
311 968 431 1041 maciae
445 992 522 1043 suae
537 969 719 1059 meritum,
731 994 805 1043 non
820 969 857 1042 in
872 985 992 1043 nostra
1007 970 1072 1043 sed
1089 972 1125 1043 in
1145 984 1236 1044 terra
1252 997 1332 1065 sua,

275 1116 292 1154 ι
313 1108 392 1183 quae
400 1084 487 1182 jure
503 1086 603 1184 regio
615 1088 835 1161 Francorum
856 1085 999 1158 Francis
1015 1110 1106 1185 saepe
1130 1086 1334 1186 perdomita

274 1200 494 1298 «subjacet¹
513 1229 522 1274 τ
543 1217 583 1275 ut
599 1202 700 1301 quod
715 1202 781 1301 ipsi
799 1200 922 1273 furtim
934 1200 972 1273 in
998 1226 1063 1274 nos
1080 1201 1335 1275 machinaban-

273 1348 291 1388 α
308 1331 370 1391 tur
380 1331 608 1417 attemptare,
628 1344 696 1391 nos
711 1318 748 1390 in
767 1342 829 1391 eos
844 1342 970 1390 coram
985 1332 1260 1417 retorqueamus
1268 1322 1291 1392 ¹.
1314 1349 1331 1385 n

272 1430 432 1505 Aliorum
444 1419 567 1505 autem
582 1432 695 1531 perita
721 1432 888 1504 severitas
914 1429 1153 1531 persuadebat
1173 1456 1236 1505 eos
1254 1431 1334 1505 diu-

274 1549 733 1647 tiusexpectare,ingressos
744 1548 911 1621 marchiae
923 1546 1119 1641 lines,cum
1126 1549 1204 1647 jam
1213 1548 1335 1646 sugere

274 1664 458 1763 intercepti
482 1664 695 1763 nequirent,
730 1679 951 1765 expugnatos
986 1678 1230 1765 prosternere,
1262 1678 1336 1739 tan·

273 1804 377 1878 quam
405 1782 625 1852 Sarracenos
648 1778 978 1853 immisericorditer
1009 1779 1203 1872 trucidare,
1233 1780 1337 1853 inhu-

274 1910 364 1968 mata
383 1892 629 1969 barbarorum
650 1921 803 1997 corpora
821 1896 914 1996 lupis
934 1910 970 1970 et
996 1898 1113 1970 corvis
1132 1896 1180 1972 ad
1208 1922 1336 1971 eorum

274 2038 470 2112 perennem
498 2014 732 2109 ignominiam
767 2038 961 2113 exponere,
1001 2026 1185 2088 tantorum
1221 2012 1338 2086 homi·

274 2128 450 2201 cidiorum
466 2142 502 2201 et
517 2128 737 2203 crudelitatis
752 2152 898 2203 causam
917 2144 1021 2203 terrae
1040 2156 1111 2203 suae
1127 2130 1335 2204 defensione
1397 2158 1401 2167 ·

274 2243 475 2347 justificare.

317 2359 538 2435 Ordinantes
554 2377 677 2435 autem
702 2362 803 2459 regni
827 2387 994 2461 proceres
1014 2363 1049 2435 in
1075 2362 1205 2463 palatio
1226 2360 1338 2435 hella-

276 2492 393 2551 torum
408 2478 503 2551 acies
514 2502 637 2551 coram
654 2501 750 2575 rege,
766 2504 846 2579 quae
860 2480 992 2577 quibus
1004 2478 1173 2577 suffragio
1187 2480 1336 2578 'junge-

275 2608 396 2667 rentur
432 2596 663 2668 Remensium
691 2610 727 2668 et
759 2592 1074 2669 Catalaunensium
1108 2594 1202 2668 ultra
1235 2618 1336 2667 sexa·

279 2710 370 2808 ginta
394 2710 521 2805 millia,
555 2726 632 2785 tam
656 2711 820 2810 equitum
854 2737 965 2813 quam
998 2711 1163 2811 peditum
1176 2768 1188 2805 ‚
1221 2735 1335 2784 unam

278 2839 520 2923 componunt;
545 2821 838 2897 laudunensium
851 2841 888 2897 et
912 2824 1251 2914 Suessionensium⁸,
1270 2848 1337 2897 nec

278 2939 404 3011 minori
435 2964 603 3031 numeru,
635 2940 855 3032 secuudam;
878 2938 1201 3032 aurelianensium,
1219 2940 1336 3012 Stam-

282 3056 439 3155 pensium
462 3072 501 3130 et
526 3056 794 3149 rarisiensium,
823 3071 859 3130 et
881 3056 977 3130 beati
1004 3055 1165 3154 Dionysii
1190 3056 1338 3157 copioso

280 3172 429 3246 exercitu
446 3188 484 3246 ct
504 3198 648 3247 coronae
669 3171 815 3269 devoto,
837 3174 1000 3265 tertiam,
1033 3173 1092 3246 cui
1115 3172 1224 3245 etiam
1247 3172 1338 3268 seip-

281 3314 353 3363 sum
367 3291 553 3383 interesse,
565 3314 628 3389 spe
637 3288 798 3386 sullraffl‘i
812 3290 1026 3391 protectoris
1040 3289 1109 3380 sui,
1119 3288 1329 3387 disponens:

285 3410 393 3498 ellac,
408 3408 541 3505 inquit,
556 3408 631 3480 acie
643 3420 718 3479 tam
727 3431 967 3504 securequam
981 3419 1124 3478 strenue
1139 3404 1335 3495 dimicabo,

286 3546 400 3595 rcum
433 3538 563 3623 praeter
595 3538 803 3596 sanctorum
838 3521 1070 3595 dominorum
1103 3522 1338 3594 nostrorum⁸

287 3643 588 3741 ‹protectionem,
616 3640 727 3715 etiam
746 3640 809 3739 qui
832 3664 892 3711 me
917 3638 1161 3737 compatriotae
1185 3634 1335 3709 semilia-

288 3758 389 3830 «rius
410 3756 670 3847 educaverunt,
700 3771 763 3830 aut
787 3756 909 3828 vivum
927 3754 1118 3853 juvabunt,
1141 3768 1204 3827 aut
1232 3777 1339 3826 mor-

287 3889 423 3948 «tuum
452 3888 706 3947 conservantes
736 3869 1031 3972 reportabunt.»
1070 3874 1198 3942 Comes
1231 3869 1336 3940 etiam

285 3990 452 4089 palatinus
469 3989 711 4085 Tlreobaldus,
734 4015 820 4063 cum
841 3986 1020 4060 avunculo
1045 3981 1160 4056 nobili
1175 3982 1340 4056 Treceusi

322 4220 350 4278 l.
364 4215 529 4291 Subjaceree
544 4218 705 4276 1²710.·,-
716 4216 747 4276 2.
762 4222 982 4291 Interqueamus
993 4211 1064 4272 edit.
1078 4213 1180 4271 Germ.

323 4314 353 4369 3.
367 4308 474 4386 Quibus
486 4312 623 4388 suffragio
637 4319 720 4388 quat.
735 4305 844 4366 laudati
863 4304 988 4366 codices.
1003 4336 1045 4350 -
1061 4302 1170 4378 Quibus
1187 4304 1269 4377 regui
1281 4298 1343 4373 sus-

290 4404 376 4483 [mgr'o
386 4401 468 4476 edd„
484 4422 550 4482 que
561 4422 634 4462 voce
648 4408 732 4481 regni
743 4400 896 4463 manifestd
913 4397 1089 4459 redundant.

326 4503 354 4560 l.
367 4502 546 4560 Suessionum
561 4499 671 4559 tarta.

326 4596 354 4653 5.
365 4596 529 4653 uncorum
544 4594 602 4651 513
615 4601 645 4650 et
661 4593 750 4652 6265.
767 4622 805 4637 -·
819 4594 937 4649 Suorum
959 4585 1065 4667 reliqui
1077 4582 1165 4645 codd.
1179 4600 1213 4643 ac
1234 4580 1302 4642 edd.
