3742 5667
508 799 565 858 aas
726 798 888 856 onuvnns
907 781 1118 856 consueras
1139 799 1190 854 na
1210 797 1345 858 suone.

468 923 471 929 ’
507 928 702 1030 aliquando
719 945 755 1003 et
780 931 938 1030 repulsas
958 946 995 1004 et
1021 955 1112 1028 pene
1134 930 1384 1004 semimortuas
1404 933 1573 1004 rivomm

509 1047 754 1120 miserantium
774 1047 907 1122 auxilio
928 1049 966 1121 in
989 1046 1182 1120 claustrum
1200 1046 1247 1121 ad
1262 1047 1391 1122 horam
1413 1063 1571 1122 reuoce-

509 1163 647 1255 dentes,
664 1187 756 1261 pene
776 1178 937 1236 extremo
957 1164 1081 1262 spiritu
1099 1162 1298 1236 anhelare¹.
1320 1166 1381 1236 llis
1401 1165 1509 1261 igitur
1533 1179 1571 1238 et

395 1338 399 1347 .
498 1278 716 1376 'hujusmodi
739 1278 1026 1352 infestationibus
1059 1293 1136 1352 toto
1155 1280 1267 1352 animi
1290 1281 1430 1354 fervore
1453 1280 1570 1354 refra-

509 1397 584 1494 gari
605 1409 839 1487 maturantes,
864 1395 1016 1470 collecto
1028 1396 1189 1470 viromm
1204 1395 1395 1470 illustrium
1410 1411 1484 1470 tam
1500 1397 1576 1498 epi-

508 1538 701 1614 scoporum
730 1537 839 1612 quam
865 1511 1039 1587 abbatum
1069 1529 1262 1605 conventu,
1293 1513 1428 1588 adscita
1459 1517 1570 1590 etiam

509 1625 647 1698 domini
685 1649 729 1698 ac
760 1624 973 1698 serenissimi
1011 1627 1102 1722 regis
1141 1631 1359 1701 Francorum
1396 1625 1570 1702 Ludovici

508 1743 707 1842 praesentia,
724 1740 1032 1840 quemadmodum
1059 1744 1095 1814 in
1117 1744 1271 1842 capitulo
1287 1757 1411 1816 nostro
1431 1744 1572 1818 consul-

511 1869 589 1928 tum
606 1853 734 1945 fuerat,
751 1854 866 1952 pridie
888 1854 968 1927 idus
979 1854 1072 1953 julii,
1096 1855 1153 1928 die
1170 1854 1365 1947 dominica,
1386 1856 1570 1930 ordinavi-

509 1996 590 2044 mus
604 1971 824 2043 ornamentis
839 1970 1021 2064 decoram,
1041 1973 1202 2070 personis
1226 1971 1403 2046 celebrem
1422 1997 1570 2072 proces·

510 2089 661 2161 sionem.
693 2087 788 2176 Quin
823 2087 930 2159 etiam
965 2087 1002 2159 in
1038 2088 1206 2160 manibus
1243 2089 1495 2188 episcoporum
1532 2103 1571 2162 et

509 2198 682 2272 abbatum
702 2198 852 2294 insignia
869 2199 1066 2272 Dominicae
1091 2201 1275 2300 passionis,
1299 2199 1465 2274 videlicet
1495 2200 1571 2274 cla-

510 2340 598 2388 vum
623 2331 660 2388 et
679 2339 852 2388 coronam
876 2314 1039 2404 Domini,
1062 2331 1098 2388 et
1122 2315 1312 2388 brachium
1340 2318 1452 2390 sancti
1475 2319 1571 2390 senis

510 2432 699 2524 Simeonis,
730 2447 767 2504 et
795 2431 863 2504 alia
887 2446 1092 2504 sanctarum
1114 2433 1349 2530 reliquiarum
1374 2433 1571 2534 patrocinia

510 2549 752 2648 preferentes,
770 2548 817 2621 ad
832 2547 970 2622 defossa
983 2547 1157 2646 jaciendis
1172 2549 1412 2623 fundamentis
1436 2575 1572 2651 praepa·

511 2681 600 2756 rata,
621 2664 806 2738 humiliter
817 2690 860 2738 ac
872 2664 1003 2738 devote
1017 2665 1279 2740 descendimus.
1302 2667 1442 2740 Deinde
1462 2673 1570 2740 Para-

512 2781 596 2854 cleti
610 2782 763 2879 Spiritus
771 2783 883 2856 sancti
896 2782 1140 2855 consolatione
1156 2783 1333 2876 invocata,
1353 2799 1409 2857 ut·
1430 2783 1571 2858 bonum

513 2897 643 2970 domus
671 2898 737 2970 Dei
763 2898 981 2998 principium
1007 2899 1107 2972 bono
1135 2897 1206 2972 fine
1223 2900 1466 2990 concluderet,
1485 2925 1571 2974 cum

513 3014 671 3112 primum
693 3014 760 3111 ipsi
776 3016 934 3114 episcopi
954 3041 996 3088 ex
1020 3040 1112 3112 aqua
1127 3015 1316 3090 benedicta
1336 3014 1572 3090 dedicationis

514 3131 626 3220 factae,
644 3131 807 3228 proximo
825 3132 952 3229 quinto
973 3131 1054 3204 idus
1058 3132 1151 3230 junii
1166 3133 1321 3232 propriis
1338 3133 1573 3208 confecissent

514 3245 680 3318 manibus
712 3262 933 3339 cementum,
962 3249 1097 3346 primos
1131 3247 1266 3346 lapides
1306 3250 1569 3349 imposuerunt,

512 3362 689 3461 hymnum
708 3368 786 3436 Deo
798 3362 971 3456 dicentes,
988 3378 1024 3437 et
1039 3362 1287 3436 Fundamenta
1301 3366 1380 3465 ejus
1399 3367 1572 3466 usquead

514 3477 625 3552 finem
645 3479 774 3551 Psalmi
790 3479 998 3552 solemniter
1012 3479 1254 3554 decantantes.
1273 3484 1352 3581 Ipse
1366 3482 1463 3556 enim
1478 3508 1571 3556 sere·

513 3595 679 3667 nissimus
692 3597 875 3686 rex,intus
883 3595 1114 3689 descendens,
1127 3598 1282 3696 propriis
1291 3599 1456 3672 manibus
1467 3624 1570 3672 suum

513 3712 698 3810 imposuit,
715 3735 854 3810 nosque
862 3727 900 3784 et
913 3711 1018 3785 multi
1032 3711 1103 3804 alii,
1116 3727 1190 3784 tam
1208 3713 1357 3788 abbates
1371 3741 1480 3812 quam
1492 3715 1572 3788 reli·

514 3829 602 3923 glosi
627 3829 709 3919 viri,
735 3829 871 3928 lapides
896 3854 980 3902 suos
1000 3831 1262 3928 imposuerunt,
1289 3831 1436 3930 quidam
1464 3835 1571 3905 etiam

515 3968 685 4039 gemmas,
713 3944 762 4018 ob
788 3968 950 4018 amorem
977 3958 1013 4017 et
1044 3949 1283 4019 reverentiam
1311 3953 1395 4020 lesu
1425 3947 1569 4036 Christi,

515 4057 760 4133 decantantes:
780 4059 925 4158 laptiles
933 4061 1085 4158 pretiosi
1098 4087 1220 4133 omnes
1233 4065 1331 4136 muri
1343 4066 1407 4136 tui.
1424 4067 1494 4133 Nos
1509 4063 1572 4157 igi-

515 4190 576 4249 tur
597 4192 695 4249 tanta
715 4191 751 4250 et
775 4190 849 4248 tam
870 4176 992 4249 festiva
1007 4192 1083 4251 tam
1102 4179 1214 4250 sancti
1235 4177 1459 4253 fundamenti
1475 4177 1571 4276 posi·

555 4457 584 4515 l.
607 4457 643 4514 V.
659 4458 759 4536 supra,
775 4476 806 4535 p.
821 4458 880 4516 186
896 4468 926 4516 et
939 4461 1010 4520 att.

555 4552 586 4608 2.
609 4549 656 4608 Sir
667 4549 767 4610 charta
779 4549 854 4630 orig.
865 4586 906 4598 -
916 4558 967 4628 In,
982 4563 1080 4612 contra
1094 4571 1210 4613 omnem
1222 4573 1349 4625 sensnm,
1365 4557 1430 4614 duae
1444 4553 1511 4616 edd.
