3742 5667
457 802 529 859 SUR
549 800 620 859 SON
640 800 962 859 ADlllNlSTRllTlON
983 796 1200 861 asoarium.
1292 802 1349 857 173

281 946 395 1002 tatem
422 931 588 1005 Balduini
616 933 813 1031 antiquitus
846 934 1120 1033 pertingentem,
1153 960 1224 1031 qua
1254 949 1348 1007 terra

280 1048 358 1147 ipsa
382 1048 593 1121 immaniter
615 1047 836 1145 longaevitate
859 1063 1065 1148 temporum
1090 1049 1347 1147 premebatur,

281 1188 368 1237 eum
381 1164 487 1237 nulla
501 1164 569 1238 alia
580 1165 765 1238 refellendi
777 1166 983 1239 succederet
998 1164 1069 1255 via,
1085 1165 1232 1261 contigit
1244 1164 1352 1238 advo·

282 1280 469 1353 cationem
485 1280 585 1353 illam
603 1280 650 1355 ad
662 1282 844 1381 quandam
856 1281 1027 1382 puellam,
1047 1280 1158 1353 filiam
1172 1280 1252 1353 filiae
1268 1281 1352 1354 Adae

285 1398 523 1493 l’igverensis,
539 1398 764 1473 haereditario
777 1398 858 1495 jure
869 1400 1082 1498 pertingere.
1094 1402 1176 1487 Quo
1188 1398 1347 1493 cognito,

283 1515 488 1588 amicorum
502 1531 708 1589 nostrorum
722 1515 884 1609 consilio,
899 1515 1014 1588 multo
1031 1528 1271 1613 sumptu'eam
1284 1537 1351 1613 pro

283 1628 475 1705 voluntate
493 1646 617 1704 nostra
643 1632 772 1731 nuptui
799 1630 941 1703 tradere
963 1629 1201 1729 quaesivimus.
1225 1629 1279 1701 Ad
1296 1654 1351 1701 se·

284 1746 427 1821 dandas
443 1773 527 1845 ergo
543 1761 645 1821 terrae
659 1746 753 1821 illius
770 1746 1048 1846 inquietudines,
1069 1745 1231 1819 nolentes
1250 1769 1351 1818 more

286 1862 396 1936 solito
413 1864 657 1961 indigenarum
679 1863 850 1936 molestiis
865 1888 944 1935 eam
967 1863 1090 1957 affligi,
1122 1860 1266 1934 cuidam
1284 1860 1351 1932 do·

285 1980 441 2052 mestico
466 1995 590 2053 nostro
607 1980 731 2076 juveni
756 1978 911 2078 puellam
940 2003 1024 2050 cum
1053 1976 1352 2049 advocationibus

287 2094 368 2165 dari
386 2094 555 2187 lecimus3
574 2110 719 2169 centum
736 2094 847 2167 libras
860 2094 1091 2167 denariorum
1104 2092 1199 2164 beati
1214 2092 1349 2190 Diony·

290 2212 334 2282 sii
348 2224 422 2283 tam
439 2212 667 2285 matrimonio
679 2236 787 2310 quarn
800 2211 892 2311 patri
909 2227 944 2284 et
960 2210 1065 2281 matri
1079 2208 1216 2310 puellae,
1231 2208 1352 2280 favore

293 2324 430 2399 domini
443 2328 535 2424 regis
552 2327 735 2417 Ludovici,
753 2326 799 2399 de
817 2328 919 2425 cujus
935 2325 1042 2398 seodo
1059 2323 1249 2398 advocatio
1262 2349 1351 2396 con-

295 2442 421 2534 stabat,
440 2442 501 2515 tali
518 2458 624 2541 pacto
647 2441 879 2534 contulimus,
907 2456 948 2512 ut
962 2466 1029 2540 pro
1050 2440 1202 2539 pecunia
1226 2440 1292 2511 ista
1317 2452 1352 2511 et

296 2558 376 2650 alia,
399 2558 561 2631 videlicet
584 2558 728 2653 triginta
756 2558 946 2649 librarum,
975 2580 1065 2653 quas
1092 2554 1261 2628 dominus
1289 2578 1351 2625 rex

296 2674 377 2746 inde
393 2672 534 2768 habuit,
553 2688 627 2746 tam
641 2674 706 2774 ipsi
727 2698 837 2772 quam
857 2696 1079 2746 successores
1098 2696 1225 2744 eorum
1247 2669 1353 2742 nobis

297 2805 331 2863 et
348 2790 609 2863 successoribus
632 2791 762 2863 nostris
786 2788 1005 2878 hominium,
1036 2801 1072 2860 et
1095 2786 1294 2876 servitium,
1317 2801 1354 2858 et

295 2907 480 3003 justiciam,
520 2906 583 2978 ubi
623 2931 684 2979 eos
724 2904 1036 2995 submoneremus,
1075 2917 1351 3000 exequerentur.

300 3022 445 3111 Quodsi
467 3021 514 3096 ed
536 3022 608 3096 hoc
631 3021 840 3115 deficerent,
868 3035 988 3094 totum
1011 3018 1256 3093 advocationis
1279 3018 1354 3090 feo-

301 3139 396 3230 dum,
423 3164 465 3211 ee
483 3140 513 3211 si
530 3140 718 3239 proprium
736 3154 901 3212 nostrum
918 3152 1024 3228 esset,
1038 3160 1166 3208 eorum
1179 3150 1216 3207 et
1230 3158 1355 3234 paren·

303 3271 371 3328 turn
387 3255 547 3354 ipsorum
561 3256 804 3347 concessione,
821 3279 863 3327 ac
879 3252 1020 3326 domini
1033 3252 1123 3349 regis
1135 3251 1271 3344 favore,
1289 3250 1354 3323 do-

302 3396 361 3444 nee
374 3370 479 3444 nobis
493 3371 732 3445 satisfacerent
748 3372 785 3443 in
799 3367 1034 3469 plenitudiue,
1048 3368 1203 3441 retinere
1217 3366 1349 3439 liceret.

343 3484 479 3561 Feodos
498 3513 585 3561 vero
607 3513 698 3586 quos
718 3513 762 3561 ex
776 3486 862 3559 fisco
875 3484 1022 3587 proprio
1040 3484 1207 3574 emimuS,
1229 3482 1277 3554 ad
1302 3481 1352 3553 la-

301 3602 436 3676 ciendas
462 3605 632 3677 stationes
655 3604 802 3700 siugulis
824 3602 926 3675 annis
951 3625 1017 3700 per
1042 3599 1134 3673 duos
1151 3622 1291 3670 menses
1314 3596 1350 3668 iu

302 3718 423 3793 eodem
439 3736 555 3795 castro
570 3720 755 3813 Tauriaco,
777 3718 900 3792 subter
920 3716 1103 3791 intitulare
1129 3714 1348 3787 curavimus.

586 3956 679 4025 Xlll.
697 3958 752 4025 De
767 3952 913 4023 Poionr's
928 3953 965 4022 V
961 3947 1026 4022 illa
1037 3951 1058 4019 ¹.

346 4158 514 4231 Similiter
541 4171 577 4231 et
603 4154 747 4230 Poiouis
766 4155 909 4245 Villam,
943 4177 1053 4251 quam
1077 4150 1235 4225 habebat
1259 4153 1356 4222 Gau·

303 4274 428 4347 fredus'
444 4274 571 4347 Rullus
586 4300 605 4346 a
619 4288 772 4369 cognato
787 4297 852 4346 suo
869 4269 1028 4343 Berardo
1035 4267 1082 4341 de
1094 4264 1300 4361 Essenvilla,
1316 4279 1357 4338 ut

340 4530 368 4585 l.
384 4530 464 4585 Nunc
478 4527 625 4601 Poinoille,
638 4544 729 4606 prope
739 4522 986 4588 barillum-2.
1003 4522 1173 4599 Gauffredus
1184 4519 1232 4580 ed.
1249 4516 1355 4577 Cbesn.
