3742 5667
513 821 571 879 aaa
731 819 894 878 oeuvnas
912 799 1125 877 courtisans
1145 817 1196 875 nn
1215 817 1347 878 sunan.

509 949 741 1040 Torneswile,
776 953 954 1022 Pretene¹.
987 953 1058 1022 Nos
1087 962 1207 1020 autem
1233 947 1388 1021 eundem
1419 971 1571 1021 venera·

510 1065 618 1140 bilem
639 1065 757 1137 virum
771 1065 807 1136 in
824 1078 925 1162 parte
946 1064 1225 1162 resipiscentem,
1237 1062 1485 1136 misericordia,²
1500 1063 1571 1134 vis·

509 1180 649 1257 ceribus
662 1179 754 1252 infra
769 1179 945 1276 gremium
961 1178 1085 1252 matris
1098 1178 1298 1266 Ecclesiam
1310 1203 1379 1276 qua
1390 1178 1570 1251 exorbita-

510 1309 620 1385 verat,
634 1295 718 1393 qnia
728 1293 933 1392 colligentes
944 1319 1026 1367 cum
1036 1296 1114 1367 Deo
1128 1292 1311 1366 ambulare
1325 1292 1567 1380 decrevimus,

509 1426 644 1484 etcum
664 1435 708 1484 eo
725 1434 800 1482 non
819 1424 974 1483 mortem
989 1410 1199 1507 peccatoris,
1219 1407 1282 1481 sed
1295 1409 1406 1506 magis
1420 1433 1571 1482 conver·

508 1527 646 1599 sionem
663 1540 700 1598 et
714 1524 826 1597 vitam
842 1524 1098 1612 desiderantes,
1117 1524 1328 1623 pradictum
1347 1525 1463 1598 virum
1484 1549 1570 1598 ana-

507 1641 673 1714 thematis
695 1640 839 1713 vinculo
863 1655 900 1712 et
927 1638 1099 1736 sacrilegii
1127 1655 1251 1728 reatu,
1290 1639 1352 1712 tali
1379 1654 1499 1712 reatus
1531 1655 1569 1713 et

505 1757 742 1830 anathematis
764 1754 873 1828 deleti
902 1753 1110 1829 conditione
1135 1754 1311 1845 exuimus,
1335 1768 1375 1827 ut
1390 1753 1568 1854 deinceps

503 1898 568 1972 per
580 1870 738 1967 singulos
753 1895 867 1944 annos
879 1870 916 1943 in
930 1870 1118 1943 festivitate
1134 1869 1229 1943 beati
1247 1869 1387 1942 Martini
1404 1873 1428 1940 V
1442 1869 1568 1942 uncias

502 1988 580 2059 auri
609 1986 723 2060 obrizi
745 1986 859 2060 beatis
888 1986 1106 2084 martyribus
1133 1985 1328 2084 Dionysio,
1358 1985 1503 2058 Rustico
1530 1999 1569 2060 et

503 2102 709 2176 Eleutherio
727 2100 918 2201 persolvat.
1539 2093 1545 2105 '

549 2216 699 2308 Quodsi
711 2218 800 2317 ipsc,
815 2217 914 2316 quod
928 2217 1033 2305 absit,
1047 2217 1153 2315 hujus
1169 2217 1435 2291 consuetudinis
1449 2219 1564 2292 viola·

502 2348 561 2407 tor
571 2333 748 2425 inventus,
756 2332 804 2406 ad
815 2333 1001 2433 pristinam
1009 2335 1171 2434 rapinam
1178 2350 1213 2408 et
1223 2335 1563 2408 malitiamncversus

500 2449 620 2537 fuerit,
638 2464 678 2522 ut
696 2451 793 2523 canis
808 2448 856 2523 ad
873 2451 1064 2543 vomitum,
1096 2450 1162 2522 Dei
1186 2450 1441 2550 omnipotentis
1466 2451 1562 2522 iram

499 2564 678 2657 incurrat,
699 2565 801 2639 nullo
822 2566 899 2664 jam
920 2565 1154 2641 anathematis
1176 2565 1320 2641 vinculo
1344 2566 1557 2640 exuendus’.

991 2962 1044 3012 111.

517 3230 609 3304 sager
628 3236 736 3282 mamea
754 3243 794 3280 aa
810 3225 931 3300 prtenrae'
948 3225 986 3280 dr
1004 3229 1049 3284 Lu
1073 3224 1256 3301 clapetaude
1280 3229 1322 3284 les
1344 3233 1460 3286 emices
1487 3232 1525 3287 dc

833 3319 943 3374 Patrae
953 3329 981 3374 et
993 3320 1056 3374 leur
1071 3317 1211 3393 chapelle.

917 3472 1000 3555 (vers
1019 3472 1112 3555 1130.)

537 3694 612 3786 Ego
628 3688 806 3785 Sugerius,
835 3687 901 3759 Dei
930 3687 1042 3782 gratia
1058 3688 1214 3762 ecclesiae
1238 3690 1358 3762 Sancti
1386 3691 1548 3790 Dionysii

488 3805 612 3898 abbas,
627 3803 798 3878 omnihus
810 3801 1055 3878 fidelibnstam
1062 3804 1191 3879 futuris
1197 3831 1306 3904 qnam
1314 3807 1547 3906 presentibus

526 4077 557 4136 1.
577 4075 700 4132 Preoene
731 4067 780 4130 ed.
799 4067 904 4130 Chesn.
927 4070 996 4128 Haec
1016 4068 1112 4129 Sancti
1132 4069 1264 4148 Dionysii
1284 4071 1392 4154 predia
1414 4071 1444 4132 in
1467 4093 1544 4155 pago

484 4163 606 4227 aletensi
617 4163 672 4223 sita
688 4173 782 4238 erant,
800 4160 879 4221 hand
892 4159 992 4241 procul
1010 4163 1027 4220 a
1045 4160 1206 4222 Germanice
1224 4161 1338 4225 linibus.
1357 4169 1403 4224 V..
1411 4163 1497 4240 iniri,
1512 4166 1541 4227 in

483 4254 737 4321 observationibus
751 4253 789 4315 ad
802 4252 909 4314 calcem
922 4251 1047 4334 rejectis.

525 4355 555 4412 2.
576 4352 619 4410 Ex
632 4347 767 4429 originali
778 4345 889 4422 chon,
903 4345 933 4406 in
945 4345 1064 4412 Archiv.
1078 4351 1153 4429 Imp.
1166 4354 1312 4410 asservatt
1327 4349 1368 4429 (tt
1379 4353 1429 4428 22,
1446 4363 1479 4412 n⁰
1489 4353 1544 4434 Ψ).

481 4477 521 4492 ·-
538 4442 670 4504 chartul.
684 4439 782 4501 album
794 4438 931 4520 (Ibidem,
944 4443 991 4499 LL
1003 4443 1094 4516 ttttt,
1110 4442 1259 4523 1511).-
1273 4443 1405 4520 nubles,
1417 4465 1449 4527 p.
1469 4449 1539 4511 tas.

479 4572 520 4586 -
543 4536 663 4611 Chesn„
677 4537 727 4610 lV,
740 4538 805 4596 stt
822 4565 863 4578 —
872 4531 982 4614 Tardis,
999 4537 1180 4594 Monuments
1187 4537 1366 4615 historiques,
1377 4547 1409 4598 u⁰
1420 4541 1490 4600 396.
