3742 5667
478 813 536 872 soe
697 813 859 871 muvnns
879 797 1094 872 cournnrns
1114 813 1164 870 nn
1185 812 1320 874 suoru.

477 943 642 1046 prasinis,
660 943 874 1034 cristallinis,
890 942 948 1015 vel
961 944 1060 1015 omui
1088 940 1207 1042 lapide
1226 944 1401 1042 pretioso,
1415 941 1534 1042 palliis

475 1083 620 1160 quoque
632 1059 833 1158 purpureis,
842 1057 1038 1132 cicladibus
1053 1083 1141 1131 auro
1154 1060 1270 1150 textis,
1289 1072 1326 1130 et
1338 1057 1532 1131 indumen·

474 1179 520 1250 tis
535 1172 737 1247 olosericis:
756 1174 887 1270 quibus
900 1171 1039 1246 addidit
1052 1198 1161 1273 opera
1176 1197 1252 1246 uon
1267 1173 1533 1248 contemnenda

476 1292 556 1364 vitri
570 1290 628 1363 vel
637 1290 838 1380 marmoris,
857 1302 894 1362 et
907 1313 989 1362 vasa
1005 1305 1127 1362 sancta
1142 1288 1405 1390 multiplicavit.

525 1412 651 1480 Extant
680 1429 895 1501 magnorum
927 1406 1087 1478 virorum
1110 1403 1337 1506 quamplures
1357 1405 1405 1478 ad
1426 1405 1532 1479 illum

475 1520 646 1624 epistolae,
677 1521 770 1592 inter
791 1544 882 1618 quos
906 1520 959 1592 illi
987 1520 1146 1593 crebrius
1171 1520 1389 1619 scripserunt
1408 1527 1533 1593 Petms

475 1636 586 1709 abbas
598 1635 839 1708 Cluniacensis
856 1651 892 1708 et
904 1635 1105 1708 Bernardus
1122 1632 1401 1725 Clarevallensis,
1421 1636 1531 1710 ambo

473 1752 547 1826 vita
562 1766 597 1824 et
612 1751 757 1824 scientia
777 1765 899 1848 atque,
925 1751 1025 1847 quod
1049 1765 1130 1851 post
1152 1751 1218 1822 ista
1240 1764 1306 1843 est,
1327 1749 1532 1850 eloquentia

473 1865 658 1942 clarissimi
688 1883 875 1963 :quorum
898 1867 1104 1938 testimonio
1130 1867 1214 1938 satis
1236 1881 1397 1965 apparet,
1421 1892 1529 1965 quant

473 1983 589 2056 clarus
607 1982 668 2055 hic
687 1979 743 2053 vel
758 1981 859 2078 cujus
874 1981 1054 2079 opinionis
1068 1979 1164 2079 apud
1175 2005 1301 2054 omues
1316 1981 1530 2082 velpropin-

473 2124 564 2198 quos
579 2097 636 2170 vel
653 2109 809 2170 remotos
822 2096 988 2170 extiterit.
1007 2096 1153 2194 Scripsit
1169 2121 1314 2195 quoque
1333 2095 1430 2170 idem
1454 2101 1530 2171 Deo

472 2212 635 2288 amabilis
657 2227 760 2312 pater
784 2211 982 2284 bernardus
1009 2236 1151 2285 summo
1179 2211 1343 2285 Pontifici
1371 2215 1530 2309 Eugenio

471 2328 622 2409 brevem
637 2324 785 2426 quidem
803 2326 1006 2426 epistolam,
1022 2325 1087 2398 sed
1100 2351 1175 2398 non
1192 2326 1320 2400 breves
1342 2329 1411 2400 viri
1430 2329 1531 2402 istius

472 2443 596 2519 laudes
611 2443 892 2518 continentem¹:
911 2443 948 2514 in
967 2467 1039 2540 qua
1051 2442 1154 2514 illum
1166 2444 1290 2516 asserit
1305 2444 1403 2543 apud
1417 2449 1529 2518 Casa·

471 2585 549 2634 rem
558 2559 659 2659 quasi
676 2582 790 2630 unum
806 2558 967 2630 decuria
985 2557 1092 2630 luisse
1110 2561 1281 2648 Romana,
1301 2559 1399 2659 apud
1415 2564 1529 2633 Deum

472 2675 574 2776 quasi
591 2697 706 2747 unum
724 2674 879 2747 decuria
896 2674 1042 2763 coelesti,
1066 2698 1139 2747 non
1158 2674 1261 2747 aliter
1278 2700 1388 2774 quam
1415 2677 1530 2750 Dasid

472 2790 746 2881 sanctissimum,
765 2791 802 2862 in
819 2789 930 2862 domo
953 2789 1019 2862 Dei
1043 2789 1301 2885 ingredientem
1323 2816 1390 2892 per
1410 2793 1532 2866 omnia

472 2923 508 2981 et
517 2905 772 3003 egredientem.
790 2904 908 2977 Abbas
921 2903 1155 2980 nihilominus
1169 2905 1423 3000 Cluniacensis,
1441 2933 1529 2981 con·

472 3021 634 3096 sideratis
647 3020 840 3118 aliquando
854 3023 930 3119 ejus
944 3020 1113 3120 operibus
1129 3035 1165 3094 et
1174 3023 1373 3112 structuris,
1390 3048 1474 3097 cum
1483 3023 1529 3096 ad

472 3137 638 3211 cellulam
654 3137 862 3236 respexisset
888 3135 1148 3227 brevissimam,
1171 3163 1279 3234 quam
1298 3137 1367 3211 sibi
1387 3140 1433 3213 ad
1453 3165 1530 3212 ma·

374 3269 377 3274 '
472 3253 634 3326 nendum
662 3251 716 3323 vir
735 3275 875 3323 summe
894 3250 1129 3353 philosophus
1152 3268 1368 3346 extruxerat,
1383 3255 1421 3327 iu
1438 3256 1531 3329 hanc

472 3365 586 3440 fertur
600 3365 706 3438 altius
726 3365 959 3463 ingemiscens
985 3367 1144 3465 erupisse
1164 3371 1397 3444 sententiam:
1415 3401 1435 3438 ι
1446 3375 1531 3444 Om-

475 3513 492 3550 α
511 3507 587 3572 nes,
603 3481 732 3579 inquit,
751 3506 817 3554 nos
828 3481 940 3554 bomo
956 3483 1021 3554 iste
1036 3481 1265 3570 condemnat,
1280 3485 1343 3581 qui
1362 3511 1435 3559 non
1455 3487 1531 3587 ipse

477 3596 578 3670 «sibi
603 3611 643 3668 ut
668 3621 748 3689 nos,
772 3597 836 3669 sed
865 3601 942 3669 Deo
969 3612 1108 3670 tantum
1139 3596 1301 3671 aedilicat.
1321 3629 1339 3666 >2
1360 3605 1398 3672 ln
1430 3605 1529 3675 omni

473 3712 648 3811 siquidem
671 3707 999 3785 amministrationis
1013 3737 1084 3785 suae
1097 3729 1259 3812 tempore
1276 3713 1363 3786 nibil
1378 3720 1531 3816 propriis

472 3828 667 3902 aedificavit.
680 3827 817 3919 usibus,
834 3843 962 3926 praeter
986 3827 1160 3899 humilem
1182 3828 1280 3901 illam
1303 3831 1458 3904 ecclesiae
1472 3833 1532 3906 ad·

473 3942 873 4034 ltoerentcmcellulam,
899 3941 1106 4017 decemvir
1135 3943 1245 4042 pedes
1273 3945 1310 4016 in
1341 3945 1530 4020 latitudine

471 4076 508 4132 et
533 4057 740 4158 quindecim
760 4058 796 4130 in
814 4056 1042 4154 longitudine
1059 4059 1324 4132 coutinentem:
1340 4085 1449 4159 quam
1465 4063 1529 4136 de·

473 4177 568 4248 cimo
586 4191 779 4270 antequam
801 4173 992 4246 decederet
1018 4198 1114 4246 anno
1128 4173 1212 4246 ideo
1228 4175 1296 4247 sibi
1314 4177 1388 4275 ipse
1405 4193 1532 4251 statue-

474 4307 540 4386 rat,
552 4305 593 4364 ut
609 4291 720 4365 vitam
741 4289 790 4362 ibi
805 4287 1041 4386 recolligeret,
1056 4302 1166 4388 quam
1178 4291 1214 4362 in
1231 4290 1451 4366 secularibus
1466 4294 1530 4367 diu

511 4546 543 4605 l.
557 4545 587 4606 S.
601 4547 687 4605 Beru.
700 4544 785 4626 epist.
805 4547 874 4627 309,
889 4563 978 4624 mam
988 4543 1078 4618 iniri,
1092 4565 1123 4626 p.
1136 4547 1207 4618 tto,
1223 4544 1344 4608 edimus.
1382 4609 1391 4624 ⁶
