3742 5667
636 811 698 867 Vll]
718 812 769 867 DE
789 812 901 870 touls
920 815 968 871 LE
990 815 1097 873 GROS.
1360 822 1397 877 ta

337 953 514 1038 suscepta,
540 939 630 1011 nihil
652 941 945 1015 inconvenienter
967 946 1172 1044 suscipiens,
1200 948 1398 1021 recedenti-

337 1054 407 1127 bus
424 1055 578 1154 praelatis
599 1055 767 1151 ecclesiae,
795 1058 1063 1157 archiepiscopo
1089 1062 1299 1157 senonensi,
1329 1064 1400 1163 epi-

337 1194 449 1269 scopo
471 1171 727 1256 Aurelianensi,
746 1175 960 1246 Carnotensi
978 1175 1172 1249 venerabili
1191 1182 1315 1269 lvone,
1337 1179 1400 1275 qui

337 1300 455 1357 tentus
473 1285 589 1358 fuerat
607 1311 761 1377 carcere,
782 1313 892 1386 quem
910 1305 1055 1364 coactus
1079 1291 1210 1365 fecerat
1229 1292 1343 1390 pingi¹
1362 1294 1397 1363 in

337 1401 467 1473 eodem
482 1401 625 1475 mstello
641 1404 765 1475 multis
780 1403 920 1498 diebus,
945 1429 1122 1478 consensu
1139 1405 1244 1479 bonae
1260 1432 1399 1479 memo·

337 1518 399 1590 rias
416 1516 558 1591 abbatis
574 1516 657 1590 ddae
675 1521 906 1593 antecessoris
925 1522 1053 1611 nostri,
1077 1521 1214 1593 remisit
1232 1546 1291 1593 me
1308 1526 1400 1593 Tau-

337 1635 507 1728 riacum¹,
520 1636 579 1707 cui
591 1659 761 1733 praeeram
785 1637 822 1707 in
849 1637 963 1729 Belsa,
982 1637 1099 1710 villam
1118 1638 1214 1710 beati
1239 1637 1401 1737 Dionysii

338 1749 464 1820 utilem
477 1764 515 1820 et
527 1772 678 1820 annonae
689 1748 856 1837 fertilem,
874 1750 937 1821 sed
951 1749 1052 1822 nullo
1070 1750 1182 1824 modo
1195 1752 1371 1823 munitam
1389 1779 1400 1839 ;

338 1864 546 1963 ptaecipiens
561 1878 613 1956 ut,
634 1863 723 1936 dum
737 1865 813 1963 ipse
832 1889 916 1937 eum
931 1864 1051 1937 adhuc
1067 1866 1113 1938 ad
1131 1890 1274 1937 causam
1295 1890 1403 1964 super

337 1978 568 2067 invocaret,
597 1978 688 2051 villae
710 1980 953 2077 providerem,
983 1981 1174 2054 hominum
1195 2005 1345 2053 suornm
1366 1998 1403 2054 et

337 2111 547 2169 nostrorum
558 2122 670 2169 manu
685 2096 829 2170 militari
852 2122 918 2196 pro
936 2122 1041 2197 posse
1055 2099 1230 2191 fulcitam,
1250 2123 1297 2171 ne
1322 2124 1401 2170 eam

337 2211 507 2286 incendio
533 2212 755 2305 dissolveret,
771 2238 919 2311 operam
942 2213 1087 2287 darem:
1107 2240 1187 2287 eam
1206 2216 1303 2287 enim
1323 2240 1401 2287 mu-

337 2330 442 2418 niret,
458 2344 508 2420 et,
527 2329 620 2403 sicut
631 2346 732 2430 pater
747 2330 890 2421 fecerat,
901 2345 1059 2403 castrum
1070 2330 1153 2404 inde
1162 2332 1397 2430 impugnaret.

339 2444 445 2533 Quod
468 2468 552 2517 cum
576 2471 657 2536 nos,
680 2450 758 2519 Deo
774 2447 976 2539 auxiliante,
1004 2446 1157 2519 militnm
1179 2462 1215 2520 et
1238 2446 1402 2545 peditum

339 2563 440 2660 copia
458 2560 553 2634 bene
565 2562 821 2661 aliquantisper
836 2563 1008 2663 temporis
1021 2563 1301 2661 compleremus,
1319 2587 1404 2634 con·
1474 2606 1478 2619 ι

339 2693 520 2750 summato
533 2679 694 2773 lingonis
713 2704 778 2778 per
790 2679 1076 2777 absentationem
1102 2684 1156 2751 sul
1175 2676 1325 2777 judicio,
1341 2701 1402 2756 rer

340 2794 384 2865 ad
407 2819 477 2865 nos
486 2795 700 2867 Tauriacum
717 2819 954 2891 magnacum
975 2795 1129 2868 exercitu
1155 2793 1313 2883 devenit,
1331 2818 1404 2865 cas-

342 2925 437 2981 trum
450 2908 696 3006 abjudicatum
708 2909 831 2982 abillo
845 2914 997 3005 Hugone
1010 2909 1165 3007 repetiit.
1191 2912 1261 2979 Nec
1283 2931 1400 2999 mora,

339 3049 423 3097 cum
436 3024 533 3096 exire
543 3039 736 3116 recusaret,
751 3049 812 3097 rer
825 3040 984 3098 maturat
994 3024 1136 3121 aggredi
1146 3038 1315 3113 castrum,
1329 3038 1402 3095 tam

340 3139 533 3211 militarem
549 3164 659 3237 qnam
673 3139 876 3237 pedestrem
890 3140 923 3211 ei
935 3139 1091 3238 applicat
1105 3138 1314 3225 exercitum,
1339 3134 1402 3209 ba-

341 3255 458 3327 listam
484 3255 735 3353 multiplicem,
758 3280 897 3345 arcum,
919 3271 1075 3345 sontum,
1106 3268 1142 3326 et
1164 3251 1336 3348 gladium,
1368 3268 1404 3324 et

341 3370 498 3443 bellum⁸
527 3400 536 3443 :
568 3388 610 3443 ut
634 3371 775 3444 videres
796 3387 832 3443 et
853 3372 988 3443 valeres
1016 3372 1139 3443 mirari
1170 3368 1323 3441 vicissim
1351 3392 1404 3441 sa·

342 3491 528 3585 gaurum·
546 3488 717 3579 imbrem,
749 3488 933 3582 galearum
961 3486 1215 3585 fulgurantium
1243 3484 1404 3583 superius

342 3604 535 3677 scintillare
573 3605 695 3677 multis
729 3602 861 3675 ictibus
899 3605 1039 3699 ignem,
1082 3616 1267 3673 scutorum
1300 3598 1400 3670 subi-

343 3736 417 3792 tam
441 3736 480 3793 et
500 3719 704 3792 mirabilem
727 3717 1011 3792 confractionem
1042 3731 1077 3789 et
1105 3714 1400 3815 perforationem,

344 3852 391 3926 et,
408 3852 450 3910 ut
475 3836 620 3935 impulsi
638 3850 722 3908 sunt
737 3860 802 3933 per
822 3850 963 3934 portam
990 3834 1027 3906 in
1043 3846 1216 3920 castrum,
1234 3830 1280 3902 ab
1307 3828 1402 3901 intus

345 3978 450 4051 super
484 3954 653 4025 nostros⁸
669 3949 715 4024 de
752 3948 1028 4050 propugnaculis
1062 3964 1098 4019 et
1132 3946 1259 4043 glande
1296 3946 1403 4017 mira·

383 4162 413 4221 l.
428 4158 462 4215 ld
474 4168 518 4217 est
530 4162 683 4233 compingi.
1089 4206 1093 4221 ,
1326 4205 1332 4217 ,

383 4255 413 4310 2.
429 4256 482 4309 Me
503 4257 534 4307 t‘n
559 4254 727 4308 Tauriacum
750 4248 818 4307 edd.
843 4247 948 4307 Chesn.
962 4258 992 4306 et
1004 4243 1294 4307 Benedict-Nunc
1311 4250 1403 4317 Tomy

347 4345 593 4425 (tuear-sorr).

384 4445 412 4503 3.
428 4443 497 4498 llasc
510 4438 607 4519 prima
617 4436 727 4497 Puteoli
739 4436 851 4495 obsidio
864 4455 942 4495 anno
954 4438 1026 4495 llll
1044 4445 1177 4513 suscepta
1190 4444 1241 4491 est.

383 4540 413 4594 l.
428 4538 606 4612 Sagittarem
619 4534 811 4594 ttttu.-5.
821 4536 881 4591 Nos
893 4530 942 4591 cd.
958 4526 1282 4592 Germ-nostramet.
1297 4523 1402 4587 ehesn.
