3742 5667
474 739 534 796 aaa
692 737 856 796 (novans
874 719 1087 820 conrnaras
1106 737 1157 794 nn
1177 737 1310 797 soona.

475 894 615 968 semper
639 871 808 959 retinete,
835 885 871 942 et
894 869 992 968 quod
1017 870 1052 941 in
1084 893 1125 941 ea
1153 872 1322 968 scripturn
1348 885 1399 942 est
1416 867 1537 941 adim·

474 986 574 1086 plere
594 987 752 1083 satagite.
778 990 847 1059 Pro
868 985 971 1058 vobis
996 986 1094 1058 enim
1115 985 1219 1058 vobis
1239 985 1378 1084 loquor.
1405 985 1538 1058 Valeat

477 1101 657 1174 Celsitudo
671 1105 814 1173 vestra¹.

548 1489 628 1535 XXV.
656 1489 700 1535 ab
720 1487 937 1537 BERNARDUM
960 1485 1116 1535 ΑΒΒᾸΤΕΜ
1131 1487 1452 1537 CLAREVALLERSEM.

474 1756 564 1828 Suger
574 1755 706 1807 remercie
717 1748 810 1808 rabba
824 1752 861 1806 de
875 1752 1031 1810 Clar'rvaux
1044 1751 1096 1807 des
1107 1753 1236 1826 presente
1246 1747 1317 1826 qu’r'l
1327 1755 1370 1808 lui
1383 1771 1402 1808 a
1417 1755 1538 1824 errores

510 1865 584 1920 pour
603 1847 719 1901 adoucr'r
739 1864 784 1902 ses
809 1846 992 1921 souffmnces,
1019 1855 1047 1900 et
1073 1847 1268 1902 recommendo
1292 1865 1341 1902 son
1366 1848 1429 1903 time
1448 1845 1468 1900 ὰ
1489 1865 1537 1902 ses

510 1934 635 2012 pridres.

908 2094 1107 2169 (1150·1151)

524 2303 774 2376 Amantissimo
787 2303 936 2376 domino
950 2318 986 2376 et
1003 2304 1094 2401 patri
1108 2301 1313 2392 venerabili,
1330 2304 1395 2376 Dei
1406 2305 1533 2399 gratia,

476 2420 724 2493 clarevallensi
745 2419 868 2493 abbati
892 2419 1085 2508 bernardo,
1106 2421 1270 2520 sugerius
1295 2417 1414 2492 adbuc
1436 2421 1532 2494 Beati

475 2537 635 2633 Dionysii
654 2535 801 2607 humilis
827 2535 998 2626 minister,
1026 2534 1176 2607 salutem
1198 2549 1234 2607 et
1255 2535 1403 2608 sincerae
1427 2535 1536 2608 dilec-

477 2651 585 2724 tionis
597 2649 778 2723 affectum.

400 2775 405 2789 ’
524 2766 714 2839 visitastis¹
732 2791 798 2838 nos
816 2765 942 2838 litteris
960 2766 1111 2838 vestris':
1132 2765 1249 2838 visitet
1267 2790 1330 2838 vos
1347 2767 1475 2840 Oriens
1489 2793 1534 2841 ex

476 2883 562 2955 alto.
579 2880 788 2954 Munuscula
804 2897 934 2971 vestra,
954 2882 1066 2952 immo
1082 2905 1232 2953 munera
1246 2882 1415 2975 maxima,
1431 2909 1534 2984 map-

477 2996 599 3096 pulam
609 2997 822 3096 preciosam,
832 3023 964 3098 panem
974 2995 1235 3070 benedictionis
1247 3012 1383 3089 vestrae,
1400 2998 1536 3071 litteras

477 3112 731 3184 consolationis
741 3114 776 3185 in
790 3113 922 3210 quibus
936 3113 1165 3185 continentur
1175 3111 1283 3183 verba
1296 3111 1408 3205 bona,
1422 3114 1535 3186 verba

476 3243 611 3318 sancta,
622 3228 727 3300 melle
741 3242 777 3301 et
797 3229 886 3301 lacte
904 3227 1154 3316 redundantia,
1162 3227 1250 3298 mihi
1264 3228 1397 3300 misero
1406 3255 1531 3327 pecca-

478 3345 545 3415 tori
573 3342 772 3438 delegastis,
798 3358 835 3415 et
859 3346 894 3415 in
920 3343 1086 3415 extremis
1110 3343 1226 3439 posito
1251 3343 1535 3417 consolationem

476 3460 668 3530 maximam
683 3457 891 3556 praebuistis.
913 3461 949 3531 si
974 3459 1069 3530 enim
1094 3458 1287 3554 angelicam
1309 3459 1434 3531 faciem
1454 3485 1535 3532 ves-

477 3575 633 3647 tramvel
642 3574 750 3646 semel
763 3591 846 3646 ante
860 3575 1045 3647 decessum
1054 3599 1177 3646 meum
1191 3573 1311 3646 videre
1322 3576 1532 3672 potuissem,

476 3691 599 3763 abhoc
612 3690 812 3762 miserrimo
827 3692 946 3765 seculo
960 3691 1117 3763 securius
1124 3691 1269 3763 exirem.
1279 3691 1403 3762 Sciatis
1413 3706 1535 3764 autem

477 3830 544 3905 pro
557 3822 654 3878 certo
669 3807 766 3903 quia,
782 3807 811 3876 si
826 3807 922 3879 mille
941 3808 1044 3879 annis
1059 3823 1119 3879 aut
1141 3806 1234 3878 ultra
1251 3807 1367 3879 vivere
1385 3808 1536 3878 meruis-

477 3945 565 4012 sem,
591 3923 658 3993 nisi
671 3923 706 3993 in
725 3920 949 4019 beneplacito
971 3923 1036 3995 Dei
1058 3947 1242 3994 remanere
1263 3947 1336 3993 non
1356 3947 1533 3993 curarem.

478 4021 550 4109 Nec
563 4037 659 4108 enim
677 4061 720 4108 ex
736 4037 906 4135 operibus
917 4038 1075 4134 justitiae,
1091 4035 1153 4109 sed
1168 4038 1204 4109 in
1219 4036 1293 4109 sola
1312 4037 1378 4108 Dei
1394 4037 1535 4108 miseri-

519 4272 548 4328 1.
564 4268 606 4324 Ex
618 4267 684 4326 cod.
699 4270 808 4338 lbl92,
823 4266 872 4325 iol.
893 4270 942 4341 22,
960 4287 1052 4326 verso.
1073 4301 1114 4313 -
1127 4270 1248 4326 Marten.
1262 4269 1384 4337 Anecd„
1398 4279 1419 4328 t.
1434 4271 1458 4340 l,
1474 4267 1534 4329 ool.

479 4365 549 4422 tao.
562 4369 676 4426 —ller.
689 4368 790 4441 gallic.
802 4371 946 4441 scriptor„
961 4368 1026 4452 XV,
1041 4367 1109 4425 5³0.

519 4459 548 4514 2.
565 4460 696 4514 Visr'tastr'
706 4456 773 4516 edd.
786 4491 827 4503 -
836 4460 867 4518 3.
879 4460 923 4519 Cf.
937 4458 1087 4537 epistolam
1101 4459 1131 4518 S.
1148 4454 1287 4516 Bemardi
1298 4459 1367 4516 266.
