3742 5667
595 818 657 873 vte
676 818 727 872 DE
747 815 858 873 Lotus
877 816 924 874 Le
946 816 1054 876 GROS.
1292 825 1349 883 137

275 960 417 1045 ptuoso
435 945 623 1039 donativo,
638 947 738 1045 quod
751 948 1011 1047 presbyterium
1024 952 1242 1045 nominatur,
1256 954 1349 1027 cele·

276 1062 401 1151 brata,
412 1062 660 1135 venerandam
669 1064 814 1136 Domini
832 1064 1100 1138 crucifixionem
1112 1069 1320 1142 venerando
1334 1074 1344 1111 ¹

275 1193 515 1279 prosequtus,
533 1180 761 1252 sanctissimae
775 1183 1056 1255 Resurrectionis
1071 1184 1205 1279 vigilias
1214 1185 1350 1258 honore

278 1294 411 1367 debito
430 1296 668 1394 pernoctavit.
692 1300 843 1368 Summo
856 1322 962 1369 mane
978 1324 1064 1371 vero
1081 1300 1275 1372 extrinseca
1294 1302 1350 1372 via

281 1408 325 1482 ad
343 1411 540 1484 ecclesiam
559 1415 752 1509 Martyrum
768 1414 805 1483 in
828 1428 948 1501 strata,
969 1438 1052 1487 cum
1068 1416 1185 1486 multo
1205 1414 1351 1488 collate·

281 1526 419 1599 ralium
436 1527 600 1627 collegio,
614 1529 715 1626 quasi
725 1544 862 1601 secreto
873 1531 1101 1622 commeavit,
1116 1530 1238 1629 ibique
1248 1557 1351 1606 more

284 1667 444 1715 romano
469 1644 605 1740 seipsos
630 1658 881 1743 praeparantes,
907 1646 1024 1716 multo
1047 1660 1082 1718 et
1115 1644 1270 1717 mirabili
1296 1672 1352 1719 or·

282 1774 371 1831 natu
388 1757 671 1847 circumdantes,
696 1762 805 1859 capiti
833 1762 908 1858 ejus
925 1761 1082 1857 frigium,
1099 1780 1352 1837 ornamentum

287 1872 494 1970 imperiale,
507 1873 621 1946 instar
639 1874 745 1971 galeae
763 1875 899 1948 circulo
919 1900 1029 1948 aureo
1042 1878 1268 1977 circinatum,
1283 1879 1353 1949 im-

284 2006 446 2089 ponunt,
470 1989 555 2063 albo
577 2006 613 2063 ct
635 1990 780 2089 palliato
809 2015 902 2088 equo
929 1992 1144 2065 insidentem
1170 1992 1349 2085 educunt3

289 2104 357 2202 ipsi
372 2105 486 2175 etiam
505 2105 638 2203 palliati
652 2130 765 2203 equos
779 2105 871 2179 albis
887 2108 1067 2206 operturis
1082 2109 1237 2181 variatos
1250 2109 1351 2206 equi-

291 2235 424 2309 tentes,
444 2222 535 2293 odas
550 2221 778 2320 personando
798 2222 920 2295 festive
938 2224 1105 2319 geminati
1120 2224 1350 2323 procedunt’.

293 2342 448 2408 Ramnes
463 2361 552 2410 vero
567 2338 721 2410 ecclesiae
733 2353 863 2410 nostrae
877 2337 1011 2411 feodati
1031 2355 1068 2411 et
1086 2339 1268 2412 castellani
1284 2365 1352 2412 no-

294 2452 395 2539 biles,
415 2467 587 2525 stratores
611 2453 818 2541 humillimi,
844 2454 1000 2553 pedites⁸
1024 2480 1107 2527 eum
1134 2457 1353 2552 equitantem

294 2570 397 2641 freno
420 2568 661 2643 deducebant.
689 2568 846 2659 Quidam
871 2572 979 2643 etiam
1004 2571 1143 2668 praevii‘
1169 2572 1354 2667 copiosam

296 2698 491 2775 monetam,
512 2700 553 2755 ut
568 2683 714 2756 turbam
728 2686 985 2784 impedientem
997 2700 1234 2776 removerent,
1250 2687 1353 2782 jacti·

299 2800 431 2873 tabant.
456 2801 522 2871 Via
538 2815 658 2871 autem
674 2802 770 2897 regia
785 2816 822 2873 et
846 2801 1015 2874 salicibus
1031 2816 1065 2873 ct
1082 2801 1160 2873 lixis
1173 2801 1353 2899 stipitibus

299 2916 463 3014 preciosis
479 2915 598 3013 palliis
611 2915 791 2988 rutilabat.
806 2918 898 2987 Cum
908 2919 1045 2990 autem¹
1055 2931 1090 2989 et
1102 2916 1236 2988 militiae
1249 2916 1355 2988 cunei

301 3048 333 3103 et
345 3030 468 3129 populi
484 3031 590 3104 multi
605 3055 798 3104 concursus
808 3032 840 3103 ei
850 3031 1122 3105 honoratissime
1135 3047 1352 3121 occurreret,

300 3148 477 3219 necetiam
487 3149 562 3245 ipsa
575 3147 780 3219 Judaeorum
796 3148 1045 3220 Parisicnsium
1062 3164 1231 3220 excaecata
1242 3147 1356 3220 deluit

302 3286 484 3359 synagoga,
505 3286 586 3360 quae
602 3262 688 3355 legis
703 3263 873 3355 litteram,
885 3263 1041 3335 rotulam
1054 3263 1187 3336 scilicet
1202 3263 1355 3335 velatam

305 3378 467 3468 offerens,
486 3378 533 3449 ab
548 3404 611 3451 ore
622 3380 698 3477 ejus
715 3379 807 3451 hanc
815 3379 1070 3452 misericordiae
1083 3393 1118 3450 et
1133 3379 1273 3477 pietatis
1289 3378 1356 3451 ob·

305 3494 384 3567 tinet
400 3492 724 3592 supplicationem:
747 3526 765 3562 α
778 3495 921 3566 Auferat
937 3500 1033 3567 Deus
1050 3496 1280 3592 omnipotens
1294 3520 1355 3566 ve-

309 3609 453 3681 «lamen
470 3634 490 3681 a
505 3608 676 3682 cordibus
691 3610 828 3682 vestris.
838 3642 856 3678 n
881 3610 1094 3682 Perveniens
1109 3636 1195 3682 vero
1211 3610 1256 3682 ad
1269 3613 1357 3681 San-

307 3740 440 3797 ctorum
461 3725 657 3813 basilicam,
682 3726 825 3798 coronis
846 3728 963 3797 aureis
980 3725 1198 3819 rutilantem,
1222 3727 1357 3822 argenti

309 3855 340 3912 et
354 3840 431 3938 plus
448 3841 581 3914 centies
589 3843 665 3912 auri
677 3843 919 3939 preciosarum
933 3865 1158 3937 gemmarum
1172 3858 1208 3915 et
1220 3866 1358 3937 marga·

309 3956 452 4027 ritarum
483 3956 675 4054 splendore
703 3957 955 4052 fulgurantem,
976 3956 1095 4029 divina
1115 3956 1235 4029 divine
1261 3957 1356 4028 cele-

310 4068 422 4162 brans,
436 4072 517 4168 agni
534 4072 608 4143 veri
624 4072 797 4168 paschalis
809 4072 972 4146 victimas
985 4072 1235 4145 sacratissimas
1252 4070 1356 4143 nobis

348 4360 373 4416 l.
389 4361 554 4417 Veneranda
567 4360 657 4421 6265.
679 4393 718 4408 —
736 4362 765 4417 Ξ.
779 4363 943 4419 Praeccduut
958 4364 1067 4423 ttttu.

348 4453 373 4511 a.
385 4454 476 4510 reas
489 4456 559 4526 aaa,
579 4457 668 4527 aeas,
682 4456 792 4516 tarto.
807 4487 847 4499 -
860 4454 938 4514 alins
947 4458 1071 4532 pedites.

349 4549 375 4608 l.
389 4550 489 4619 Privir',
505 4548 652 4622 mendose,
667 4552 776 4611 tatto.
786 4581 824 4594 -
834 4553 863 4609 ὅ.
881 4552 980 4607 Autem
995 4548 1074 4608 deest
1087 4548 1116 4608 in
1131 4548 1197 4612 cod.
1209 4552 1299 4611 6265.
