3742 5667
478 770 536 828 act
696 768 861 828 (antuus
880 753 1094 827 courmrns
1112 768 1164 826 nr
1183 767 1317 826 suom.

476 902 662 973 consuevit
673 900 881 998 inquietare.
897 899 1035 972 Placeat
1048 900 1156 997 igitur
1167 897 1393 973 Excellentiae
1406 912 1539 983 vestrae

476 1016 523 1088 ab
539 1015 594 1087 his
608 1016 777 1089 molestiis
792 1040 851 1089 eas
866 1016 1016 1113 eripere,
1036 1032 1085 1106 et,
1108 1031 1148 1090 ut
1164 1017 1202 1088 in
1215 1040 1304 1114 pace
1320 1020 1398 1088 Deo
1413 1016 1538 1089 deser·

476 1129 586 1218 viaut,
612 1127 719 1200 eisin
746 1126 979 1201 multitudine
996 1127 1245 1200 misericordiae
1266 1142 1392 1200 restrae
1411 1128 1536 1226 provi-

475 1243 573 1333 dere,
586 1242 653 1315 sub
667 1244 889 1341 protectione
898 1244 964 1315 Dei
973 1242 1054 1315 coeli
1064 1257 1100 1316 ct
1112 1243 1431 1342 vestraapostolim
1446 1269 1535 1316 auc-

476 1360 619 1431 toritate
635 1358 823 1432 confovere
837 1372 872 1431 et
888 1372 1074 1457 protegere
1090 1386 1098 1429 ε
1116 1372 1240 1456 utpote
1256 1372 1398 1430 tantum
1423 1374 1533 1431 tantae

474 1472 653 1569 religionis
680 1473 823 1566 locum,
862 1498 991 1571 quem,
1025 1473 1173 1545 cumin
1201 1474 1364 1573 partibus
1393 1473 1461 1546 illis
1493 1477 1532 1547 in

475 1588 605 1662 scholis
629 1613 799 1682 essemus,
816 1590 957 1661 noviter
980 1590 1177 1688 incoeptum
1201 1614 1277 1662 esse
1299 1589 1469 1681 vidimus,
1492 1607 1532 1662 et

473 1731 538 1805 per
563 1706 631 1778 Dei
656 1706 877 1778 voluntatem
909 1704 983 1778 sere
1013 1705 1060 1777 ad
1092 1720 1247 1804 quatuor
1276 1708 1532 1805 autquinque

474 1822 586 1895 millia
609 1820 931 1895 sanctimonialium
952 1820 1028 1917 jam
1048 1821 1241 1893 excrevisse
1265 1820 1472 1893 audivimus
1491 1834 1530 1892 et

475 1937 699 2031 gaudemus¹.

559 2321 618 2370 XV.
655 2322 703 2370 AD
735 2318 945 2369 caminum
972 2321 1133 2369 Gfflll'l'ffl
1163 2320 1442 2371 monstrassent

717 2419 761 2467 ET
783 2411 993 2469 nasutum
1019 2420 1291 2469 tmmrmcsu.

474 2683 567 2755 Suger
581 2682 762 2762 exprimente
776 2689 861 2739 comte
874 2676 999 2751 d'Arrjou
1011 2689 1069 2734 tout
1082 2680 1111 2733 le
1128 2678 1246 2755 chagrin
1263 2696 1316 2752 que
1332 2680 1376 2733 lur’
1394 2694 1482 2733 cause
1497 2695 1532 2732 sa

514 2774 638 2848 querella
659 2790 723 2829 avec
742 2775 771 2828 le
788 2776 833 2827 roi
851 2773 888 2827 de
904 2774 1026 2830 aranee.
1041 2774 1071 2829 lt
1092 2774 1135 2827 lui
1147 2784 1260 2847 promet
1276 2773 1313 2828 de
1333 2770 1529 2845 s'intvposer,

515 2884 619 2923 comme
643 2868 668 2922 il
682 2868 723 2923 l’a
744 2866 802 2941 fait
820 2865 959 2941 autrefois
974 2884 1010 2921 ea
1027 2865 1127 2939 fovear
1145 2866 1182 2921 de
1199 2869 1244 2921 ror'
1265 2862 1481 2943 d'Angleterre,
1501 2877 1532 2923 et

514 2958 652 3017 l‘eoelrorte
665 2960 684 3016 ὰ
697 2958 859 3016 rechercher
870 2958 1021 3015 lai-mlme
1034 2960 1064 3014 la
1069 2961 1159 3034 paiz.

903 3117 1102 3199 (titanae)

521 3333 668 3429 Egregio
690 3332 813 3404 comiti
837 3331 1108 3427 andegavorum
1132 3347 1169 3404 et
1193 3328 1278 3404 duci
1298 3336 1529 3407 Normanuo·

473 3473 555 3522 rum
576 3452 640 3521 G.¹
660 3464 767 3546 atque
790 3446 903 3521 nobili
925 3448 1139 3546 imperatrici
1160 3447 1336 3539 Mathildi,
1358 3452 1528 3546 Sugerius

473 3566 567 3637 Beati
583 3564 743 3663 Dionysii
756 3563 882 3657 abbas,
902 3565 1051 3637 salutem
1066 3578 1103 3636 et
1117 3562 1357 3635 dilectionem.

521 3683 667 3754 Noverit
687 3680 883 3753 nobilitatis
904 3695 1030 3753 vestra
1055 3677 1228 3752 celsitudo
1255 3681 1525 3755 contentionem

471 3800 580 3889 illam,
592 3823 670 3897 quae
682 3799 774 3870 inter
787 3822 851 3870 vos
864 3812 899 3870 et
914 3795 1103 3870 dominum
1113 3810 1276 3868 nostrum
1286 3820 1407 3893 regem
1422 3802 1529 3871 Fran·

470 3937 595 3986 corum
605 3914 763 4004 emersit,
775 3911 879 3984 valde
888 3911 994 3984 uobis
1004 3909 1206 4010 displicere,
1224 3926 1303 3983 tum
1316 3936 1384 4009 pro
1398 3938 1523 3987 amore

469 4028 533 4099 Dei
538 4080 548 4115 ,
566 4029 628 4124 qui
642 4030 738 4125 pacis
753 4042 878 4100 auctor
893 4042 946 4099 est
960 4042 997 4099 et
1009 4041 1170 4117 amator,
1191 4041 1270 4097 tum
1288 4050 1356 4124 pro
1378 4052 1528 4127 oppres-

468 4143 569 4214 sione
581 4166 792 4243 pauperum,
813 4168 921 4241 quam
934 4142 1116 4233 dolemus,
1136 4157 1214 4214 tum
1229 4166 1296 4240 pro
1312 4166 1401 4240 pace
1412 4161 1528 4217 vestra

510 4395 539 4450 l.
555 4394 598 4449 Ex
612 4390 729 4470 chesn„
746 4394 796 4461 lV,
811 4394 880 4452 522.
896 4426 936 4440 -
949 4400 1017 4454 ller.
1026 4398 1125 4473 gallic.
1138 4400 1283 4474 scriptor,
1294 4395 1361 4467 XV,
1377 4398 1448 4455 513.

509 4488 540 4548 2.
554 4486 703 4550 Gaulrido.
