3742 5667
615 816 677 873 vlt
698 816 748 873 DE
767 816 880 874 Louls
899 817 946 874 LE
968 816 1079 877 altos,
1348 822 1382 878 ot

320 962 357 1021 et
381 948 483 1043 regni
509 947 729 1047 optimatum
755 948 793 1019 in
822 948 993 1021 comitem
1023 946 1287 1045 indignantium
1314 952 1385 1024 fre·

319 1065 521 1164 quentatio,
536 1060 707 1165 praelatus
723 1088 858 1157 comes,
875 1080 1001 1137 nactus
1020 1065 1212 1138 recedendi
1228 1068 1387 1140 occasio-

321 1208 404 1256 nem
423 1182 585 1255 hesterni
601 1181 759 1254 vulneris
774 1183 1020 1281 susceptione,
1038 1183 1113 1278 regi
1126 1184 1272 1255 nuntios
1287 1182 1387 1257 dele·

320 1315 392 1397 gat,
413 1300 668 1372 intercessores
689 1298 812 1387 mittit,
836 1312 878 1369 ut
897 1322 982 1371 eum
1001 1296 1170 1369 dominus
1185 1322 1247 1370 rex
1264 1323 1387 1372 secure

320 1420 522 1488 Carnotum
534 1413 651 1487 redire
665 1414 840 1487 concedat
856 1413 1063 1513 suppliciter
1077 1412 1258 1510 efflagitat.
1279 1417 1388 1514 Cujus

320 1532 486 1635 petitioni
504 1558 581 1623 rex,
594 1546 635 1605 ut
650 1546 726 1603 erat
742 1531 857 1603 dulcis
873 1546 909 1603 et
922 1529 1017 1603 ultra
1037 1530 1233 1604 humanam
1245 1533 1386 1631 opinio-

320 1674 405 1722 nem
420 1664 644 1741 mansuetus,
666 1646 958 1720 condescendens
969 1651 991 1739 ¹,
1017 1671 1099 1719 curn
1125 1647 1231 1720 multi
1250 1648 1386 1721 dissua-

322 1765 449 1838 derent
458 1789 505 1837 ne
514 1780 654 1837 nostem
666 1761 898 1860 illaqueatum
911 1761 1127 1836 victualibus
1138 1762 1388 1838 deficientibus

322 1881 532 1973 dimitteret,
547 1906 592 1953 ne
607 1880 776 1978 deinceps
800 1880 971 1977 repetitas
996 1879 1143 1978 injurias
1172 1882 1385 1973 sustineret;

322 1994 451 2069 relicto
478 2010 553 2067 tam
586 2010 705 2067 castro
736 1993 888 2067 Puteolo
920 2018 1031 2091 quam
1057 1997 1209 2091 Hugone
1236 1995 1387 2069 arbitrio

322 2112 429 2207 regis,
444 2135 568 2183 comes
583 2115 781 2183 Carnotum
792 2134 855 2208 spe
867 2134 959 2182 vana
976 2110 1164 2183 frustratus
1178 2113 1335 2204 recessit,
1351 2128 1388 2185 et

321 2224 422 2324 quod
436 2225 531 2299 felici
545 2226 721 2326 principio
738 2225 897 2324 incoepit,
912 2225 1069 2299 infausto
1081 2224 1152 2298 line
1164 2228 1381 2300 terminavit.

322 2345 394 2415 Rex
405 2367 496 2415 vero
510 2366 584 2414 non
601 2356 743 2414 tantum
757 2344 949 2437 Hugonem
971 2342 1220 2415 Puteolensem
1237 2343 1389 2415 exhaere-

321 2456 437 2547 davit3
449 2458 539 2555 quin
562 2457 671 2530 etiam
691 2471 850 2529 castrum
869 2457 1024 2550 Puteoli,
1042 2457 1172 2531 dirutis
1192 2458 1335 2531 moeniis
1353 2472 1388 2530 et

320 2574 462 2647 ellossis
474 2576 604 2673 puteis,
614 2588 785 2673 tanquam
799 2574 922 2646 locum
935 2573 1065 2647 divinae
1074 2574 1316 2648 maledictioni
1328 2600 1389 2672 pa·

323 2689 454 2780 tulum,
472 2690 686 2763 subvertens
705 2689 920 2789 deplanavit.

309 2794 317 2809 ’
370 2810 465 2877 XXI.
491 2807 562 2879 Sed
583 2822 619 2877 et
637 2804 706 2877 alia
719 2806 809 2896 vice,
830 2805 940 2901 longo
956 2820 1035 2905 post
1055 2822 1231 2907 tempore,
1251 2832 1334 2878 cum
1350 2807 1386 2879 in

325 2923 476 3019 gratiam
491 2923 584 3019 regis
596 2923 720 2995 multis
736 2920 937 3014 obsidibus,
954 2922 1075 2994 multis
1091 2923 1321 2995 sacramentis
1336 2947 1390 2994 re-

324 3038 455 3111 ductus
469 3054 575 3132 esset,
593 3039 717 3111 iterata
733 3038 859 3111 fraude
874 3036 1114 3130 recalcitrans,

464 3221 504 3277 Et
515 3216 618 3278 docilis
633 3214 752 3281 scillam
763 3216 905 3276 scelerum
917 3215 1019 3275 vicisse
1033 3214 1202 3293 magistrum
1212 3214 1236 3289 ²,

322 3390 452 3463 iterato
466 3414 487 3461 a
503 3413 586 3485 rege
600 3387 791 3481 obsessus,
809 3389 937 3460 iterato
954 3386 1210 3479 erhaeredatus,
1228 3382 1313 3461 cum
1329 3390 1390 3463 da·

324 3505 482 3607 piserum
498 3504 574 3601 ejus
590 3502 769 3576 Ansellum
784 3502 1094 3595 Garlandensem⁸,
1112 3502 1289 3576 baronem
1305 3519 1391 3577 stre·

325 3645 453 3712 nuum,
463 3620 610 3719 propria
618 3618 742 3691 lancea
753 3617 981 3718 perforasset,
995 3619 1153 3690 nativam
1166 3633 1203 3691 et
1213 3632 1389 3691 assuetam

326 3736 512 3809 dediscere
523 3735 766 3835 proditionem
778 3760 852 3807 non
868 3734 978 3807 valuit
998 3761 1006 3805 :
1026 3735 1142 3809 donec
1157 3736 1213 3807 via
1224 3736 1391 3808 Hieroso·

326 3851 513 3952 lymitana,
539 3851 632 3925 sicut
654 3866 690 3923 et
713 3850 914 3923 multorum
939 3875 1097 3949 nequam
1122 3850 1291 3945 aliorum,
1315 3858 1391 3950 ejus

328 3971 428 4042 omni
448 3993 589 4041 veneno
610 3966 870 4041 inflammatam
890 3967 1088 4064 nequitiam
1108 3968 1189 4041 vitae
1208 3968 1392 4067 ereptione

330 4085 488 4159 extinxit.

369 4349 399 4407 l.
416 4346 608 4404 conscendens
617 4344 686 4402 edd.
699 4343 799 4402 Germ.
814 4353 844 4400 et
857 4340 963 4401 chesn.

369 4442 397 4497 2.
422 4437 534 4497 Lucani
545 4437 663 4509 Phars„
677 4439 703 4513 l,
720 4438 791 4495 ³26.
804 4437 923 4496 scuram
939 4454 993 4514 pro
1006 4438 1126 4509 Syllam.

371 4533 403 4591 3.
418 4535 505 4590 Διιιιο
516 4530 678 4590 tila-t.
696 4530 937 4593 Warlandensem
954 4530 1064 4589 tatto.
1074 4531 1108 4587 V.
1122 4526 1209 4609 iniri,
1221 4526 1252 4587 in
1266 4524 1390 4588 Observ.
