3742 5667
430 767 480 825 nn
498 764 549 823 m
569 747 849 823 cousncmnon
869 765 919 821 nn
938 763 1188 824 suus-naurs.
1292 770 1350 827 ars

279 920 407 971 remus
416 896 616 987 columnas,
631 895 837 991 cogitando,
849 895 1083 995 speculando,
1100 898 1351 997 investigando

279 1014 515 1113 perdiversas
523 1013 683 1113 partium
692 1028 914 1086 remotarum
926 1013 1102 1109 regiones,
1115 1039 1200 1088 cum
1212 1017 1351 1091 nullam

280 1129 565 1223 offenderemus,
574 1132 647 1203 hoc
660 1130 780 1203 solum
791 1145 912 1203 mente
926 1129 1174 1203 laborantibus
1184 1147 1220 1204 et
1229 1134 1351 1207 animo

281 1262 482 1345 supererat,
501 1262 542 1319 ut
557 1246 604 1318 ab
624 1246 716 1319 urbe
736 1248 868 1339 (Romae
886 1246 984 1319 enim
1004 1246 1041 1317 in
1057 1244 1191 1344 palatio
1211 1248 1351 1321 Diocle·

281 1363 370 1435 tiani
378 1377 416 1435 et
430 1362 508 1435 aliis
519 1363 661 1436 termis¹
678 1386 768 1461 saepe
783 1361 966 1437 mirabiles
981 1364 1294 1462 conspexeramus)
1310 1381 1352 1438 ut

279 1503 348 1579 per
362 1502 463 1553 mare
481 1478 781 1553 Mediterraneum
795 1495 874 1553 tuta
896 1480 1027 1570 classe,
1044 1477 1173 1551 exinde
1190 1503 1257 1579 per
1279 1484 1352 1553 An-

279 1596 430 1693 glicum,
445 1611 483 1669 et
501 1619 566 1695 per
581 1609 781 1669 tortuosam
798 1594 896 1668 lluvii
912 1599 1087 1693 Sequana
1102 1594 1349 1687 reflexionem,

280 1738 341 1787 eas
368 1736 503 1809 magno
537 1727 684 1812 sumptu
716 1713 939 1805 amicorum,
975 1712 1207 1785 inimicorum
1242 1713 1351 1786 etiam

279 1834 564 1903 Sarracenorum
604 1830 852 1926 proximorum
892 1828 1077 1901 conductu
1115 1827 1344 1901 haberemus.

281 1946 401 2019 Multis
426 1946 552 2039 annis,
585 1943 709 2017 multis
732 1942 958 2044 temporibus
981 1943 1191 2040 cogitando,
1220 1945 1350 2042 quaeri·

279 2062 392 2136 tando
421 2061 666 2158 angebamur:
686 2086 771 2134 cum
803 2060 922 2134 subito
955 2060 1053 2157 larga
1085 2062 1351 2161 omnipotentis

280 2178 544 2267 munificentia,
564 2176 748 2250 laboribus
770 2178 903 2251 nostris
927 2176 1235 2271 condescendens,
1251 2180 1351 2278 quod

280 2320 346 2367 nec
368 2295 528 2391 cogitare
554 2318 623 2366 neo
644 2294 786 2393 opinari
801 2293 935 2382 liceret,
958 2294 1126 2368 decentes
1142 2311 1178 2368 et
1195 2298 1352 2395 peropti-

280 2435 358 2483 mas
374 2412 415 2483 in
437 2409 713 2485 admirationem
734 2412 899 2484 omnium
920 2425 1128 2484 sanctorum
1153 2416 1350 2510 Martyrum

280 2528 412 2601 merito
428 2526 612 2601 revelavit.
629 2524 732 2598 Unde
747 2542 886 2624 quanto
904 2542 1032 2601 contra
1052 2552 1152 2627 spem
1169 2543 1205 2600 et
1220 2527 1349 2599 huma·

280 2669 365 2717 nam
397 2644 607 2744 opinionem
632 2657 732 2742 apto,
758 2656 795 2715 et
819 2642 949 2715 nullibi
975 2643 1081 2716 nobis
1101 2645 1246 2741 gratiori
1268 2644 1351 2718 looo

280 2759 466 2833 miseratio
486 2758 607 2832 divina
627 2759 771 2855 dignata
794 2773 849 2832 est
870 2759 1050 2852 conferre,
1071 2776 1172 2833 tanto
1196 2761 1351 2859 majores

281 2878 480 2974 gratiarum
504 2875 662 2949 actiones
686 2900 755 2975 pro
779 2876 869 2948 tanti
887 2875 1050 2949 remedio
1077 2876 1211 2951 laboris
1232 2902 1350 2977 opere

281 2995 441 3094 pretium
459 2991 629 3066 duximus
648 2991 881 3091 rependendo
903 2994 1049 3066 resen-e.
1078 2998 1194 3068 locus
1215 2995 1350 3093 quippe

280 3107 482 3207 quadrariae
494 3107 716 3182 admirabilis
726 3134 842 3208 prope
856 3109 1093 3201 Pontisaram,
1108 3124 1266 3185 castrum
1281 3123 1352 3182 ter·

280 3248 406 3311 rarum
420 3238 626 3296 nostrarum
641 3222 802 3295 confinio
815 3222 1045 3315 collimitans,
1055 3223 1186 3295 vallem
1201 3223 1349 3323 profun-

282 3338 367 3411 dam
394 3364 469 3411 non
494 3353 635 3429 natura,
654 3336 718 3410 sed
739 3336 914 3411 industria
931 3364 1147 3431 concavam,
1169 3340 1350 3413 molarum

282 3454 475 3527 moribus
503 3458 557 3525 sul
586 3466 764 3551 quaestum
794 3453 840 3525 ab
868 3454 1017 3551 antiquo
1047 3454 1240 3547 offerebat,
1259 3454 1349 3526 nihil

282 3571 465 3667 egregium
482 3569 654 3641 hactenus
672 3568 869 3668 proferens,
888 3571 1078 3644 exordium
1096 3585 1202 3643 tantae
1215 3572 1349 3644 utilita-

283 3686 326 3759 tis
344 3700 448 3759 tanto
463 3700 499 3757 et
514 3700 589 3757 tarn
611 3684 736 3758 divino
759 3684 923 3772 aedilicio,
941 3688 1042 3785 quasi
1073 3688 1248 3786 primitias
1270 3691 1348 3760 Deo

281 3802 486 3899 sanctisque
494 3802 775 3899 Martyribus,ut
783 3802 1014 3894 arbitramur,
1026 3804 1242 3877 reservabat.
1254 3806 1350 3891 Quo

281 3919 373 3990 tiens
384 3933 510 3990 autem
521 3916 754 3990 columnaeab
768 3918 843 3991 imo
856 3919 998 3993 declivo
1011 3919 1159 3992 funibus
1169 3920 1349 3992 innodatis

280 4033 573 4129 extrahebantur,
593 4047 667 4106 tam
685 4048 860 4107 nostrates
883 4059 994 4133 quam
1018 4035 1088 4108 loci
1108 4034 1232 4107 affines
1254 4034 1346 4107 bene

282 4148 403 4223 devoti
416 4152 441 4243 ',
459 4149 599 4224 nobiles
612 4166 648 4224 et
669 4149 865 4244 innobiles,
890 4149 1064 4243 brachiis,
1088 4151 1293 4252 pectoribus
1313 4167 1348 4225 et

324 4407 355 4464 l.
369 4404 429 4462 Pro
445 4402 662 4464 thermis-2.
678 4404 719 4459 Ea
736 4399 839 4480 religio
859 4404 966 4483 passim
976 4399 1133 4483 vigebatin
1147 4401 1268 4463 Francia
1280 4415 1348 4463 tunc

286 4494 439 4576 temporis,
461 4506 532 4553 teste
550 4492 678 4554 Roberto
691 4494 728 4555 de
739 4497 839 4556 Monte
853 4508 882 4557 et
895 4494 959 4556 aliis
971 4494 1158 4577 (Benedict.).
