3742 5667
596 819 660 875 VIE
680 819 730 874 DE
750 818 860 878 touls
881 819 928 876 LE
949 818 1059 878 euos,
1328 830 1366 886 59

308 983 328 1018 ι
347 951 454 1038 Quod
478 953 662 1050 quianon
687 950 831 1044 fecistis,
856 949 1031 1049 precipit¹
1054 976 1116 1024 rex
1134 969 1171 1026 et
1189 971 1232 1029 ut
1248 955 1368 1030 adhuc
1481 951 1489 972 ⁸

307 1098 326 1135 α
346 1067 496 1158 faciatis,
512 1083 551 1141 et
571 1093 645 1142 non
668 1066 801 1141 factum
821 1067 897 1164 lege
917 1068 1136 1167 competenti
1155 1071 1363 1148 emendetis.

307 1181 501 1256 «Dedecet
521 1184 620 1257 enim
645 1207 765 1280 regem
787 1184 985 1282 transgredi
1005 1185 1132 1280 legem,
1151 1209 1236 1260 cum
1255 1213 1317 1260 rex
1332 1205 1369 1262 et

308 1333 325 1368 ι
340 1301 397 1373 lex
414 1299 569 1374 eandem
585 1300 785 1400 imperandi
809 1302 984 1400 excipiant
1002 1300 1236 1397 majestatem.
1261 1304 1369 1393 Quod

306 1449 325 1486 e
343 1418 374 1490 si
395 1415 504 1516 quid⁸
520 1417 654 1490 horum
672 1433 842 1490 vestrates
857 1432 921 1490 aut
940 1416 1153 1492 dedixerint·
1167 1436 1230 1492 aut
1248 1419 1368 1494 dicere

308 1531 604 1608 «dissimulando
632 1533 825 1625 noluerint,
854 1533 964 1631 pleno
994 1531 1153 1608 duorum
1179 1551 1243 1608 aut
1256 1538 1368 1610 trium

307 1650 554 1723 «testimonio
578 1650 771 1742 baronum,
789 1648 865 1746 lege
887 1649 1010 1740 duelli,
1026 1651 1139 1748 parati
1160 1676 1283 1725 sumus
1306 1677 1370 1754 ap·

310 1766 514 1865 «probare.
539 1797 557 1833 n
587 1766 749 1840 Necdum
768 1765 824 1837 his
857 1764 1005 1863 expletis
1021 1764 1070 1838 ad
1089 1790 1210 1862 regem
1229 1771 1368 1842 Franci‘

306 1883 502 1976 redierant,
517 1909 602 1957 cum
617 1883 814 1956 Normanni
834 1906 896 1955 eos
916 1900 1174 1981 consequentes
1189 1887 1285 1982 'regi
1317 1911 1371 1958 as·

306 2000 447 2091 sistunt,
466 1997 641 2098 quiequid
658 2023 802 2072 eausam
815 1997 943 2070 laedere
961 2013 1104 2097 poterat
1128 1999 1370 2076 inverecunde

307 2115 534 2208 diffitentes⁸,
549 2115 740 2214 judiciario
756 2115 882 2188 ordine
901 2115 1084 2213 querelam
1098 2117 1229 2214 agitare
1248 2135 1370 2218 postu-

308 2231 418 2304 lantes
429 2258 441 2318 ;
465 2255 552 2304 cum
567 2231 657 2303 nihil
680 2229 778 2304 aliud
799 2231 977 2328 praecipue
1001 2231 1239 2322 attenderent,
1259 2260 1368 2333 quam

308 2347 403 2448 quod
414 2347 551 2422 iniecto
565 2346 869 2446 paratae⁷actionis
877 2347 1036 2442 negotio,
1047 2374 1274 2448 quacumque
1284 2350 1371 2424 dila·

308 2465 416 2553 tione,
437 2476 623 2536 tantorum
643 2461 742 2558 regni
758 2463 974 2560 optimatum
990 2462 1193 2537 discretioni
1209 2465 1260 2536 rei
1282 2467 1375 2538 veri·

310 2596 357 2653 tas
368 2603 446 2652 nou
463 2592 615 2678 pateret.
636 2579 877 2650 Remittuntur
891 2603 976 2651 eum
992 2581 1043 2651 eis
1056 2580 1182 2679 primis
1198 2582 1367 2679 potiores,

310 2695 368 2794 qui
382 2696 495 2766 etiam
512 2718 578 2794 per
592 2695 762 2766 comitem
775 2693 1029 2767 Flandrensem
1041 2694 1236 2769 Robertum
1247 2697 1371 2770 Hiero-

312 2811 576 2910 solymitanum,
602 2810 846 2910 palaestritam·
869 2812 1062 2908 egregium,
1081 2837 1157 2884 rem
1185 2811 1370 2885 verificare

312 2927 480 3002 audacter
497 2927 665 3020 offerant,
685 2941 720 2999 et
736 2927 812 3023 lege
832 2926 942 2999 duelli
966 2925 1159 2999 verborum
1179 2951 1372 3026 exaggera-

313 3047 443 3119 tionem
469 3042 673 3136 refutando,
698 3045 757 3115 eui
771 3043 908 3141 justitia
932 3043 1060 3116 cedere
1089 3041 1218 3116 debeat
1244 3045 1371 3117 conili-

315 3163 447 3258 gendo,
478 3161 649 3261 aperiant.
681 3158 788 3247 Quod
813 3183 898 3232 cum
925 3185 994 3232 nec
1010 3157 1270 3257 approbassent
1304 3185 1371 3234 nee

314 3279 565 3352 convenienter
591 3275 862 3375 reprobassent,
893 3299 956 3347 rex
985 3274 1200 3367 Ludovieus,
1230 3290 1270 3349 ut
1294 3293 1372 3350 erat

315 3393 559 3489 magnanimus
578 3405 616 3464 et
631 3391 800 3464 animoet
814 3415 967 3490 corpore
990 3415 1174 3490 procems,
1203 3391 1372 3464 citissime

318 3509 429 3606 dirigit
441 3509 505 3608 qui
527 3509 601 3604 regi
619 3507 690 3582 hoc
712 3507 942 3606 disjungant⁹,
964 3522 1025 3579 aut
1050 3522 1207 3580 castrum
1224 3507 1370 3581 subver-

357 3711 382 3768 1.
396 3705 442 3766 Sic
454 3705 583 3783 quinque
590 3705 676 3768 codd.
687 3735 728 3751 -
740 3708 878 3782 Precepu
892 3707 951 3765 135
965 3717 1053 3784 atque
1064 3703 1132 3766 edd.

356 3801 384 3859 Ξ.
396 3802 428 3859 Si
438 3804 503 3876 quis
518 3802 587 3859 133.

357 3894 912 3952 t.1>edicerint12·tttt.-Dtdtcerut
929 3895 1054 3953 13³.-
1075 3894 1274 3952 Dedidt'certut
1300 3894 1370 3967 513,

323 3991 403 4062 teat,
415 3989 507 4046 6265.

358 4085 386 4140 1.
403 4077 450 4138 Sic
461 4097 561 4138 omnes
574 4079 662 4142 codd.
677 4109 717 4126 -
728 4083 860 4138 Fiancc'oe
871 4077 939 4138 edd.

359 4179 387 4234 5.
398 4175 652 4250 lnequennstttt
664 4184 693 4232 et
707 4173 775 4233 edd.
1263 4199 1268 4210 ·

359 4271 385 4329 5.
401 4267 572 4345 Diffidentes
588 4269 645 4328 ¹33
656 4284 690 4326 ae
701 4267 772 4326 edit.
786 4269 886 4332 Germ.
896 4300 937 4311 -
949 4269 1119 4343 Differentes
1132 4267 1222 4329 6265.

360 4367 388 4422 1.
401 4361 445 4421 Sic
456 4365 527 4434 135,
536 4361 661 4440 itemque
673 4361 740 4422 edd.
756 4395 797 4409 -
810 4367 958 4439 Impurata
969 4361 1096 4440 quinque
1109 4362 1197 4421 codd.

362 4459 388 4514 8.
400 4457 592 4514 Palestrieum
608 4459 676 4530 133,
688 4457 797 4515 tatto.

362 4553 389 4608 9.
402 4550 444 4608 tu
455 4547 582 4628 quinque
593 4547 680 4612 codd.
692 4561 722 4610 et
737 4547 806 4611 edd.
822 4579 860 4596 -
873 4553 1032 4626 Iujungant
1042 4547 1120 4607 solus
1134 4550 1204 4611 133.
