3742 5667
457 818 529 877 son
549 818 618 876 SON
637 818 954 878 anulutsrnfflon
973 820 1192 880 ABBA'HALE.
1281 823 1340 882 ¹79

290 947 438 1023 Roberti
452 949 621 1022 monachi
632 949 745 1022 nostri
758 972 868 1047 :quae
883 975 967 1023 cum
980 950 1060 1023 loca
1068 954 1281 1025 Sanctorum
1292 955 1341 1028 ob

289 1065 493 1139 remedium
512 1066 638 1137 animae
654 1090 725 1137 suae
744 1065 971 1163 frequentare
993 1068 1243 1161 consuevisset,
1260 1094 1344 1141 cum

290 1180 448 1279 quadam
470 1180 587 1280 puella
600 1181 676 1278 jam
698 1180 903 1273 duodenne,
928 1206 1007 1278 quae
1028 1207 1213 1279 nunquam
1232 1184 1346 1257 suerat

290 1296 425 1385 locuta,
455 1296 543 1369 illuc
568 1296 725 1369 devenit.
750 1300 860 1369 Nocte
884 1320 971 1369 vero
993 1296 1130 1369 sabbati
1156 1300 1194 1370 in
1221 1297 1347 1372 eadem

291 1411 475 1484 ecclesiola
492 1436 577 1484 cum
594 1412 670 1510 ipsa
684 1426 785 1484 muta
798 1428 1024 1510 pernoctans,
1052 1413 1141 1485 dum
1163 1439 1232 1512 pro
1256 1440 1295 1486 se
1312 1428 1349 1486 et

291 1550 359 1625 pro
376 1528 451 1599 suis
466 1526 603 1600 divinas
618 1528 823 1600 sollicitaret
840 1552 958 1618 aures,
975 1528 1038 1601 ubi
1055 1528 1181 1601 fratres
1195 1529 1349 1628 incoepe·

291 1657 376 1716 runt
396 1646 444 1715 Te
460 1648 575 1715 Deam
601 1642 800 1735 hadamar,
823 1644 942 1716 visum
965 1657 1031 1734 est,
1049 1644 1141 1716 sicut
1154 1642 1346 1735 rescrebat,

293 1759 413 1832 eidem
434 1758 560 1858 puellae
582 1759 684 1857 quasi
705 1760 742 1830 in
765 1759 912 1832 extasim
926 1773 1050 1857 raptae,
1071 1758 1171 1856 quod
1187 1759 1350 1858 quaedam

294 1874 448 1972 gloriosa
469 1876 588 1969 regina
606 1872 759 1972 pulchra
783 1888 824 1946 ut
845 1874 944 1966 luna,
970 1873 1083 1947 electa
1104 1889 1144 1948 ut
1162 1875 1230 1967 sol,
1248 1876 1351 1949 cicla-

294 1988 400 2061 dibus
426 1990 532 2085 regiis
559 1990 697 2081 vestita,
715 2013 804 2061 auro
826 1990 1045 2088 gemmisque
1059 1990 1222 2089 pretiosis
1250 2016 1353 2065 coro-

294 2118 390 2194 nata,
413 2128 437 2175 a
454 2104 594 2177 sinistro
611 2128 723 2175 comu
740 2102 861 2176 altaris
874 2105 920 2177 ad
936 2105 1103 2178 dextrum
1115 2105 1349 2200 contendens,

294 2233 374 2290 aute
395 2242 478 2291 eam
503 2217 686 2292 trarrsibat.
709 2222 797 2306 Qnae
819 2243 904 2291 cum
929 2244 1009 2292 eam
1032 2221 1180 2293 nomine
1201 2223 1351 2320 proprio

296 2332 506 2423 (lancendis
523 2335 619 2405 enim
635 2332 847 2431 vocabatur)
862 2335 921 2431 pie
945 2336 1029 2408 satis
1050 2334 1272 2427 advocasset,
1294 2361 1354 2409 au-

297 2448 418 2520 diente
434 2463 508 2531 tarn
524 2448 670 2546 praefata
685 2438 847 2521 matrona
867 2473 976 2546 quam
994 2451 1070 2524 aliis
1090 2452 1226 2545 multis,
1242 2452 1354 2525 clara¹

295 2586 397 2654 voce,
414 2565 534 2663 lingua
547 2566 725 2658 inusitata,
745 2565 951 2637 «Domina»
964 2567 1353 2665 respondit.Necdein-

297 2702 381 2778 ceps
402 2682 524 2753 minus
539 2680 638 2777 loqui
662 2694 725 2752 aut
741 2680 842 2752 scivit
864 2696 926 2752 aut
946 2682 1077 2779 potuit,
1097 2706 1208 2778 quam
1231 2683 1261 2754 si
1275 2696 1354 2755 toto

298 2808 462 2894 tempore
485 2796 566 2868 vitae
595 2820 667 2868 suae
687 2794 805 2868 locuta
831 2795 967 2867 fuisset.
996 2795 1103 2882 Quod
1134 2796 1354 2896 stupendum

299 2910 515 2983 miraculum
528 2910 591 3007 qui
613 2909 763 2983 aderant
780 2934 923 2983 summo
941 2911 1120 3008 praeconio
1136 2910 1353 3004 attollentes,

302 3050 363 3124 per
382 3025 540 3097 diversas
567 3026 730 3122 regiones
751 3023 952 3122 adjacentes
970 3040 1254 3124 reportaverunt.
1283 3026 1355 3114 Qui

302 3166 386 3213 vero
399 3142 500 3241 prius
515 3166 594 3214 eam
608 3165 673 3239 per
683 3140 970 3239 quinquennium
982 3155 1135 3234 mutam,
1151 3156 1278 3240 etpost
1290 3166 1357 3240 per

302 3257 587 3354 quinquennium
609 3256 798 3356 loquacem
816 3256 1062 3352 cognovimus,
1093 3256 1214 3330 locum
1235 3258 1355 3357 ipsum

304 3386 465 3447 sanctum
483 3387 520 3448 et
534 3371 688 3447 exaltare
705 3386 742 3445 et
756 3370 900 3467 diligere
911 3370 993 3469 jure
1007 3368 1211 3445 debuimus.

634 3642 713 3713 XX.
734 3644 791 3711 De
808 3636 1018 3737 hydropico.

347 3815 551 3891 secundare
576 3817 725 3915 dignum
745 3815 911 3889 duximus
926 3829 964 3889 et
980 3812 1091 3904 alind,
1110 3810 1202 3884 sicut
1219 3810 1355 3910 promi-

301 3936 424 4029 simus,
442 3935 669 4008 miraculum.
691 3933 897 4032 Hydropica
913 3931 1077 4031 quaedam
1097 3929 1237 4004 tumida
1255 3952 1358 4002 more

302 4054 529 4151 praegnantis,
549 4075 615 4123 nec
634 4050 754 4122 minus
773 4075 844 4149 prae
858 4049 983 4122 dolore
998 4047 1153 4120 clamosa
1166 4071 1255 4119 voce
1266 4047 1359 4119 insa·

303 4168 421 4240 niens*
437 4164 680 4266 (premebatur
706 4164 804 4237 enirn
827 4162 979 4236 humore
1004 4164 1170 4262 aquatico
1187 4160 1357 4234 intolera-

304 4281 452 4382 biliter),
470 4282 637 4356 manibus
657 4280 856 4354 amicornm
870 4278 918 4353 ad
932 4295 1092 4354 sanctam
1107 4280 1256 4355 Mariam
1273 4304 1358 4380 pne

345 4545 375 4601 l.
391 4544 479 4602 Elata
490 4538 595 4600 Chesn.
611 4537 1026 4603 od.-s.1nsam·emncod.
1042 4558 1098 4601 ms.
