3742 5667
683 769 746 828 vm
764 771 816 828 DE
835 767 949 828 coms
968 769 1015 826 Lll
1036 766 1148 826 Gaas,
1419 767 1455 828 61

393 907 574 976 Montem¹
593 915 815 974 remearunt.
828 901 870 971 tt
885 898 1093 998 ubiprirna'
1104 897 1189 996 polo
1203 896 1320 970 stellas
1329 921 1459 973 aurora

391 1019 546 1115 fugavit,
578 1018 705 1090 Franci
731 1017 906 1090 besternae
943 1038 1122 1088 memores
1144 1014 1304 1111 injuriae,
1324 1015 1459 1088 militiae

391 1136 540 1234 insuper
576 1135 717 1208 fervore
751 1133 937 1226 matutini,
971 1131 1202 1205 velocissimis
1235 1130 1335 1227 equis
1361 1133 1458 1204 viam

390 1250 642 1349 praeripiendo,
655 1275 769 1348 prope
779 1249 977 1321 Gisortium
984 1246 1155 1343 congredi
1164 1247 1352 1337 irruentes,
1363 1248 1458 1321 miro

390 1367 498 1457 fastu,
516 1367 608 1438 mira
627 1379 835 1438 concertant
851 1363 1019 1450 audacia3
1046 1378 1082 1435 et
1095 1378 1272 1461 quantum
1289 1379 1458 1460 praestent

390 1482 507 1554 multo
529 1498 642 1554 marte
665 1481 844 1554 exercitati
864 1481 970 1577 longa
992 1504 1080 1578 pace
1095 1479 1238 1572 solutis,
1264 1503 1349 1552 cum
1371 1484 1458 1552 Nor-

389 1623 545 1671 mannos
557 1624 623 1696 per
634 1613 776 1696 portam
793 1597 958 1693 fatigatos
973 1595 1177 1686 intrudunt,
1191 1595 1342 1668 edocere
1358 1595 1458 1668 labo-

391 1731 484 1788 rant.
502 1717 565 1787 His
582 1731 616 1788 et
631 1713 837 1811 hujusmodi
852 1713 1059 1812 primordiis
1076 1713 1213 1785 initiata
1235 1736 1374 1808 guerra,
1392 1739 1458 1812 per

390 1831 580 1904 biennium
598 1855 691 1930 pene
714 1831 933 1920 continuata,
958 1829 1098 1925 gravius
1117 1852 1236 1924 regem
1254 1829 1384 1925 Angliae
1402 1831 1458 1902 lae·

390 1947 520 2038 debat,
540 1973 625 2020 cum
654 1947 858 2018 universam
877 1971 969 2045 pene
985 1948 1213 2018 Normanniae
1232 1946 1454 2041 marchiam,

390 2067 483 2138 sicut
494 2051 534 2138 se
549 2064 701 2136 ducatus
724 2063 898 2156 extendit,
916 2063 1031 2134 multa
1047 2062 1173 2134 militia
1187 2076 1223 2133 et
1238 2064 1458 2160 sumptuosis

390 2180 577 2278 stipendiis
602 2180 647 2254 ad
667 2196 770 2253 terrae
788 2179 1036 2252 defensionem
1051 2177 1367 2273 circumcingebat.
1384 2184 1458 2252 Rex

391 2320 476 2368 vero
494 2302 715 2369 Francorum
729 2295 886 2393 antiquis
898 2309 933 2366 et
944 2293 1171 2368 naturalibus
1188 2296 1312 2368 castris
1328 2309 1364 2368 et
1379 2320 1458 2368 mu-

390 2412 543 2511 nicipiis,
564 2412 716 2508 gratuita
734 2411 1021 2502 Flandrensium‚
1046 2412 1299 2501 Pontivorum,
1324 2411 1458 2486 Vilcas-

391 2529 575 2621 sinorum‚
592 2543 627 2600 et
640 2527 797 2600 aliorum
811 2527 1102 2600 collimitantium
1115 2541 1259 2599 strenua
1273 2527 1460 2626 impugna·

391 2645 503 2738 tione,
528 2661 661 2720 terram
691 2644 886 2735 incendiis,
919 2643 1198 2743 depopulatione
1225 2645 1357 2738 agitare
1384 2669 1456 2717 non

392 2761 591 2836 desinebat.
610 2765 702 2834 Cum
716 2778 838 2834 autem
853 2761 1088 2836 Guillelmus⁸
1106 2759 1198 2856 regis
1211 2760 1351 2856 Anglici
1365 2759 1459 2834 filius

390 2880 464 2976 regi
478 2878 662 2953 Ludovico
678 2879 882 2952 hominium
901 2903 1007 2952 suum
1030 2877 1188 2968 fecisset,
1215 2878 1326 2973 gratia
1349 2903 1458 2976 pecu-

390 2996 469 3068 liari
485 3011 522 3069 et
539 2996 671 3095 peculii
692 2995 837 3094 praesato
859 3010 978 3068 castro
1000 2994 1147 3067 feodum
1166 2992 1242 3089 ejus
1257 3011 1461 3091 augmenta·

391 3119 442 3192 vit
451 3123 474 3209 ⁸,
486 3136 522 3193 et
532 3121 599 3194 hac
611 3147 693 3194 eum
701 3120 889 3193 occasione
902 3121 939 3191 in
950 3120 1137 3218 pristinam
1146 3119 1456 3214 gratiamredurit.

390 3238 498 3326 Quod
514 3254 708 3336 antequam
725 3237 841 3329 fieret,
855 3236 1032 3310 mirabilis
1044 3235 1206 3335 ejusdem
1219 3239 1460 3310 contentionis

391 3355 599 3449 occasione,
626 3371 661 3427 et
681 3355 888 3428 execrabilis
914 3354 1105 3428 hominum
1126 3354 1283 3455 perditio
1300 3354 1459 3428 mirabili

390 3473 521 3571 punita*
533 3488 588 3545 est
602 3471 738 3544 ultione
746 3476 768 3544 ³.

439 3593 535 3661 XVI.
549 3590 801 3689 supersistitur
814 3589 1069 3688 promontorio
1080 3589 1183 3663 ardui
1199 3588 1329 3662 littoris
1339 3590 1460 3688 magni

432 3869 460 3928 l.
484 3867 569 3924 Nunc
588 3863 1091 3945 Claumonr-eu-Veairr(01se).-
1106 3865 1136 3927 2.
1157 3869 1253 3924 Primo
1268 3867 1327 3925 135
1346 3878 1376 3925 et
1391 3865 1458 3928 edd.

432 3965 461 4024 ³.
485 3966 529 4021 Da
546 3959 603 4020 boc
615 3961 744 4032 nornine,
762 3962 905 4039 utsupra.

434 4059 463 4116 11.
486 4055 534 4116 Sic
553 4057 627 4127 133,
643 4057 716 4124 ata,
740 4053 835 4125 6265,
852 4056 948 4125 5926,
972 4055 1091 4127 l27l05
1112 4052 1239 4132 itemque
1255 4056 1329 4130 135,
1354 4054 1461 4115 omisso

392 4153 517 4227 feodum.
534 4155 572 4209 At
588 4149 655 4211 edd.
678 4149 783 4211 Chesn.
802 4159 832 4207 et
850 4148 961 4210 Bened.
980 4170 986 4205 :
1006 4153 1111 4208 Gratia
1122 4149 1270 4227 peculiari
1285 4153 1461 4228 etpeculium

393 4248 456 4317 ejus
465 4246 588 4320 prefato
606 4257 697 4300 rastro
709 4249 912 4320 augmentavit.
928 4275 970 4288 —
980 4245 1065 4302 Anno
1080 4245 1155 4304 llll
1174 4265 1232 4324 pax
1251 4245 1301 4305 illa
1314 4245 1386 4306 inita
1404 4259 1460 4320 est,

392 4349 432 4408 at,
445 4337 470 4396 si
484 4339 624 4397 Orderico
636 4335 724 4395 Vitali
737 4335 801 4416 (lib.
814 4336 872 4418 xl)
883 4337 1028 4413 credatur,
1038 4335 1142 4395 ultima
1155 4340 1260 4398 mensis
1273 4340 1371 4400 martii
1383 4341 1458 4400 heb-

392 4431 527 4492 domade.

434 4529 462 4588 3.
485 4523 611 4605 Explicit
619 4536 755 4603 quartum
771 4522 966 4605 fragmentum
978 4527 1045 4585 cod.
1062 4527 1120 4585 l33
1135 4524 1285 4588 insertum.
1304 4538 1310 4550 ’
