3742 5667
753 826 927 888 LE'l'I'RES.
1311 833 1370 890 tt?

307 954 415 1028 nobis
435 956 498 1055 qui
514 957 595 1031 loco
614 957 690 1055 ejus
708 958 953 1056 providemus,
971 959 999 1031 si
1019 959 1104 1031 inde
1125 984 1230 1056 agere
1250 963 1372 1037 volue-

308 1072 421 1144 rimus
430 1074 456 1145 ¹.

569 1463 619 1512 vt.
646 1465 694 1513 tt)
709 1466 899 1516 EUGEMUM
917 1465 957 1515 tlt
976 1466 1106 1517 ΡᾸΡΔΙ.

309 1730 402 1803 Suger
415 1746 520 1803 expose
536 1748 574 1784 ou
588 1748 666 1805 pope
685 1734 715 1785 la
734 1728 861 1787 muniere
876 1732 944 1787 dont
959 1732 982 1787 il
999 1752 1018 1787 a
1035 1735 1154 1791 executi
1167 1752 1214 1791 ses
1228 1736 1370 1793 de'eisions

347 1818 481 1871 relatives
495 1836 534 1871 au
552 1817 680 1892 elapitre
699 1818 736 1873 de
753 1817 1017 1877 Sainte·Genevie²ve
1038 1836 1051 1877 .·
1070 1822 1122 1877 des
1136 1824 1281 1899 religieux
1300 1825 1372 1880 eires

348 1909 386 1964 de
395 1910 593 1966 Salat-Victor
603 1922 650 1966 ont
662 1912 708 1967 lte
723 1914 778 1967 mis
793 1930 829 1968 en
842 1917 1000 1988 possession
1014 1915 1051 1971 de
1066 1913 1189 1992 legiise,
1205 1929 1234 1973 et
1244 1918 1286 1973 les
1299 1916 1371 1973 elo·

346 2007 456 2071 noines,
468 2008 573 2061 soumis·
585 2003 604 2059 ὰ
617 2006 648 2061 lo
659 2004 737 2082 re’gle
749 2010 935 2081 monastique,
955 2025 991 2064 ne
1007 2010 1119 2065 deviant
1136 2012 1206 2083 pius
1223 2028 1368 2067 conserver

349 2109 404 2166 que
414 2094 491 2149 leurs
499 2089 667 2167 prehendet.

731 2250 834 2332 (titt,
859 2253 954 2334 notit.)

358 2466 548 2537 Carissimo
571 2464 720 2539 domino
747 2482 783 2540 et
806 2468 897 2565 patri
919 2466 1123 2559 universali,
1152 2469 1216 2539 Dei
1237 2471 1361 2563 gratia,

310 2604 452 2653 summo
488 2580 647 2679 pontifici
679 2582 861 2677 Eugenio,
892 2583 1062 2676 Sngerius
1090 2582 1186 2655 Beati
1206 2583 1368 2679 Dionysii

310 2696 455 2769 humilis
482 2698 654 2783 minister,
674 2696 819 2770 devotas
842 2700 878 2768 in
902 2698 1043 2769 Christo
1064 2696 1259 2785 orationes,
1276 2698 1363 2770 obe·

310 2812 451 2885 dientiae
462 2829 498 2884 et
511 2812 642 2885 servitii
660 2812 934 2913 plenitudinem.

358 2928 536 3025 Susceptis
556 2929 758 3027 apostolicae
779 2926 1023 3027 praeceptionis
1041 2925 1251 2999 venerandis
1266 2929 1370 3026 apici·

313 3044 402 3116 bus*
430 3042 476 3116 de
504 3045 708 3117 monasticae
737 3043 917 3140 religionis
947 3043 1125 3143 positione
1154 3043 1190 3113 in
1221 3044 1371 3116 ecclesia

314 3164 424 3232 Beatae
441 3159 630 3233 Genovesae
648 3161 861 3249 parisiensis,
882 3173 1024 3231 tantum
1037 3173 1183 3255 tamque
1194 3163 1272 3229 Deo
1294 3160 1370 3259 pla·

312 3275 422 3346 citum
440 3275 639 3371 negotium,
657 3274 995 3373 tanquam⁸eoelitus
1006 3272 1111 3345 nobis
1123 3276 1369 3362 commissum,

312 3391 570 3485 gratantissime
592 3390 857 3489 amplectentes,
884 3388 1051 3486 eoquod
1073 3412 1179 3486 super
1198 3388 1270 3461 hoc
1290 3391 1370 3487 ipso

314 3505 578 3604 praesentialiter
604 3521 732 3579 sanctae
758 3504 978 3578 paternitatis
1011 3518 1136 3575 vestre
1171 3504 1370 3597 celsitudo,

315 3646 394 3695 cum
408 3647 483 3694 non
502 3624 569 3693 nisi
583 3624 758 3721 imperare
776 3634 971 3719 oporteret,
982 3621 1193 3719 parvitatem
1206 3636 1369 3693 nostram

315 3739 409 3837 prius
427 3740 617 3837 rogaverit,
630 3740 714 3811 tntis
729 3738 840 3809 animi
855 3735 991 3809 viribus
1006 3734 1149 3807 effectui
1164 3736 1369 3832 mancipare

354 4000 384 4055 t.
404 3998 446 4053 ex
462 3996 581 4075 chesn,
595 3999 644 4070 tv,
661 3982 729 4056 tsi.
744 4028 781 4041 -
792 4000 858 4057 ner.
874 3996 972 4073 ganto.
986 4000 1131 4075 sapon,
1143 3994 1210 4064 xv,
1223 3994 1294 4051 tsi.
1310 3994 1372 4049 no-

315 4090 424 4165 bertus,
440 4089 521 4171 cnjus
543 4086 590 4148 hic
605 4089 783 4170 approbatur
795 4088 909 4160 electio,
923 4087 1020 4148 abbati
1037 4092 1132 4160 Petro,
1148 4093 1167 4145 8
1180 4084 1295 4144 kalend.
1306 4082 1373 4164 julii

316 4202 363 4243 an.
393 4187 471 4244 ttts
505 4194 639 4256 mortuo,
665 4179 801 4241 suffectus
830 4191 883 4248 est.
916 4184 954 4239 V.
983 4177 1143 4240 Mabillooii
1171 4184 1293 4251 Arnai,
1320 4179 1373 4248 vt,

320 4278 389 4337 islo.
905 4284 908 4291 ’

356 4372 385 4428 2.
401 4369 472 4428 Vide
489 4368 542 4428 has
565 4368 684 4445 litteras,
707 4368 787 4429 datas
806 4367 966 4447 Lingonis,
989 4387 1020 4425 nr
1041 4366 1097 4427 kal.
1122 4363 1191 4424 maii
1207 4384 1256 4424 an.
1282 4366 1373 4435 itte,

318 4461 348 4519 in
362 4468 428 4523 Her.
440 4467 512 4541 gall.
524 4469 637 4539 script,
650 4464 715 4542 XV,
731 4466 802 4522 ltltil.

358 4564 385 4617 3.
402 4556 448 4615 Sir
460 4556 529 4618 edit.
543 4556 669 4617 Chesnii.
686 4589 722 4601 -
741 4560 864 4633 Tamque
880 4554 910 4613 in
925 4554 995 4615 edit.
1013 4553 1174 4625 Benedici„
1190 4552 1241 4611 sed
1256 4550 1341 4612 malit.
