3742 5667
484 829 522 886 u.
691 817 852 886 mutnus
876 802 1095 888 corrueres
1113 829 1166 886 nn
1185 829 1321 890 suern.

485 959 676 1055 majestatis
686 957 835 1034 arbitrio
844 957 1131 1052 succumbentes,
1143 975 1217 1033 tarn
1231 985 1270 1032 se
1283 984 1392 1056 quam
1408 986 1542 1055 arcem,

485 1102 560 1150 non
588 1076 789 1152 inconsulto
820 1075 970 1149 domino
997 1099 1076 1168 suo,
1095 1092 1347 1177 exposuerunt.
1379 1078 1437 1150 Sic
1467 1103 1546 1151 uno

484 1195 583 1294 facto
597 1195 727 1300 piaret
741 1193 938 1266 sceleratus
954 1193 1101 1286 eodem¹,
1115 1190 1315 1292 dapiferum
1331 1193 1415 1285 sibi,
1430 1194 1548 1266 fratri-

435 1320 441 1332 '
486 1310 555 1384 bus
571 1310 732 1398 fratrem,
748 1309 1249 1404 Corboilensibus¹comitem,
1263 1325 1337 1382 tam
1348 1310 1549 1411 prudenter

486 1451 597 1527 quam
624 1425 821 1498 clementer
841 1427 1007 1499 restituit.
1028 1431 1081 1498 De
1101 1425 1246 1500 castello
1261 1426 1420 1499 militum
1441 1453 1550 1527 quos-

486 1543 584 1635 dam,
603 1566 731 1616 eorum
741 1539 839 1613 bona
853 1541 1091 1642 depopulans,
1105 1540 1353 1632 exhaeredavit,
1368 1542 1547 1642 quosdam

488 1659 648 1734 diuturni
666 1659 818 1732 carceris
834 1661 1086 1752 maceratione,
1104 1674 1145 1732 ut
1160 1675 1310 1735 terreret
1328 1662 1547 1756 consimiles,

489 1775 662 1872 affligens,
694 1774 884 1848 durissime
908 1775 1029 1875 puniri
1053 1775 1217 1848 instituit.
1234 1775 1381 1874 'lalique
1395 1778 1549 1850 victoria

491 1912 633 1962 coronae
654 1887 828 1987 primitias
851 1902 977 1960 contra
993 1887 1205 1961 aemulorum
1221 1888 1429 1988 opinionem
1445 1913 1548 1986 egre-

491 2004 558 2100 gie,
582 2008 658 2077 Deo
672 2002 842 2097 donante,
858 2003 1074 2078 nobilitavit.

540 2123 616 2193 XV.
638 2123 687 2191 Ea
700 2122 934 2219 tempestate⁸,
953 2120 1000 2192 ad
1017 2135 1134 2219 partes
1152 2123 1443 2193 Normannorum
1457 2145 1552 2193 oon-

493 2234 571 2330 tigit
581 2233 762 2308 devenisse
776 2258 896 2331 regem
912 2235 1108 2332 inglorum
1124 2237 1332 2327 Henricum,
1349 2237 1465 2308 virum
1477 2235 1552 2308 lor-

495 2351 682 2440 tissimum,
701 2375 789 2449 pace
800 2367 837 2423 et
851 2349 949 2423 bello
965 2350 1114 2423 clarum.
1128 2350 1236 2447 Cujus
1251 2349 1501 2425 admirabilem
1514 2367 1553 2424 et

493 2487 585 2562 pene
603 2487 669 2562 per
685 2463 891 2535 universum
913 2463 1041 2535 orbem
1062 2462 1279 2536 declaratam
1304 2463 1554 2540 excellentiam

493 2578 554 2651 ille
569 2579 678 2651 etiam
687 2579 833 2675 agrestis
847 2593 958 2669 vates,
974 2580 1170 2675 Anglorum
1182 2580 1389 2678 sempiterni
1404 2595 1555 2653 eventus

495 2693 665 2766 mirabilis
681 2711 861 2794 spectator
875 2710 912 2768 et
927 2693 1071 2784 relator,
1085 2695 1269 2785 Merlinus,
1288 2710 1362 2768 tam
1376 2695 1556 2793 eleganter

496 2835 606 2908 quam
631 2811 803 2884 veraciter
822 2836 966 2884 summo
987 2811 1166 2911 praeconio
1186 2811 1431 2906 commendat,
1455 2814 1555 2886 acin

497 2925 572 3022 ejus
591 2926 712 3000 laude·
725 2952 813 3001 voce
826 2926 1037 3027 prophetica
1059 2952 1249 3027 erumpens
1265 2954 1308 3002 ex
1324 2927 1493 3028 abrupto,
1511 2943 1553 3002 ut

498 3056 621 3114 vatum
648 3067 728 3116 mos
753 3043 923 3116 inolevit:
938 3043 1148 3134 «Succedet,
1170 3045 1300 3142 inquit,
1321 3043 1378 3117 leo
1394 3044 1554 3141 justitiae,

502 3187 520 3225 α
540 3157 587 3230 ad
603 3159 705 3256 cujus
725 3159 883 3256 rugitum
899 3159 1080 3258 gallicanae
1105 3175 1220 3232 turres
1239 3175 1276 3232 et
1296 3159 1451 3233 insulani
1475 3160 1558 3231 dra·

501 3303 520 3342 «
541 3298 650 3348 eones
668 3275 888 3349 tremebunt.
909 3281 951 3349 In
973 3275 1099 3348 diebus
1112 3277 1200 3374 ejus,
1218 3301 1346 3350 aurum
1362 3302 1405 3349 ex
1420 3277 1498 3350 lilio
1520 3292 1559 3351 et

503 3420 521 3458 a
542 3391 654 3463 urtica
680 3391 961 3489 extorquebitur,
982 3407 1018 3465 et
1039 3407 1225 3488 argentum
1241 3417 1286 3464 ex
1311 3393 1450 3488 ungulis
1474 3418 1560 3464 mu·

503 3535 520 3572 r
539 3505 709 3602 gientium
728 3506 901 3579 manabit.
931 3507 1164 3579 Calamistreti
1188 3509 1284 3579 varia
1301 3507 1431 3580 vellera
1447 3509 1558 3581 vesti·

503 3651 522 3692 (ι
539 3620 644 3713 bunt,
659 3623 743 3720 quia
755 3624 908 3696 exterior
918 3622 1062 3696 babitus
1073 3624 1242 3696 interiora
1257 3623 1427 3720 signabit3
1446 3625 1561 3724 pedes

503 3767 520 3805 α
541 3737 747 3812 latrantium
762 3737 1035 3832 truncabuntur,
1045 3765 1171 3840 pacem
1180 3739 1366 3814 habebunt
1381 3741 1476 3836 ferae,
1490 3741 1561 3815 hu-

540 4002 571 4059 l.
593 3994 690 4057 Ovidii
701 4001 838 4072 Metam„
856 3995 908 4058 lib.
924 3998 980 4072 111,
994 4017 1026 4057 v.
1042 4001 1071 4056 Β.

540 4096 571 4154 2.
586 4091 808 4152 Crtrbor'lensibus
822 4096 891 4156 tta.

539 4187 572 4249 3.
591 4191 676 4245 Anno
702 4188 791 4246 troo.
818 4189 874 4246 llio
898 4185 1000 4267 incipit
1025 4197 1162 4264 quartum
1187 4184 1379 4263 fragmentum
1406 4183 1473 4245 cod.
1497 4188 1558 4246 ¹33

499 4277 651 4352 insertum,
664 4277 746 4360 cujus
761 4277 802 4338 sic
817 4279 948 4339 initium:
963 4282 1092 4357 Contigit
1100 4293 1197 4337 autem
1210 4281 1328 4337 eundem
1342 4284 1496 4338 Hemicum
1519 4281 1564 4336 ad

498 4387 598 4450 partes
608 4379 713 4432 ventsse
727 4379 961 4451 Nommnnorum,
976 4380 1063 4431 virum
1074 4375 1259 4451 fortissimum
1267 4375 1511 4433 eevaldeclarum.

541 4472 569 4528 t.
586 4471 775 4530 commendat.
790 4473 846 4527 Hic
861 4475 890 4524 tn
903 4475 963 4542 ejus
974 4469 1059 4525 laude
1071 4469 1140 4529 tat.
1155 4469 1200 4527 De
1209 4464 1256 4527 his
1265 4465 1433 4527 laudibuset
1444 4463 1560 4526 Merlini

499 4559 662 4642 prophetia,
676 4562 712 4620 cl.
730 4559 833 4623 Order.
851 4559 951 4634 Vitat,
966 4559 1019 4620 lib.
1034 4562 1077 4619 XI
1091 4573 1121 4619 et
1134 4561 1204 4620 ΧΠ.
