3742 5667
718 783 778 842 vlu
798 787 849 842 DE
869 783 1003 843 suum.
1330 789 1385 846 tut

314 935 394 986 non
411 915 508 1006 vidi,
526 918 602 990 sine
617 916 749 1013 gemitu
765 940 839 989 non
846 914 1008 1012 eloquor.
1024 919 1186 1013 Cumque
1201 917 1390 992 intellexis-

316 1043 374 1100 set
393 1029 497 1106 bano
510 1058 586 1106 esse
599 1032 824 1106 vocationem
837 1044 999 1119 suam,et
1011 1029 1108 1102 diem
1121 1029 1189 1102 sibi
1202 1032 1389 1107 imminere

319 1145 517 1236 ultimum,
534 1173 637 1246 aequo
653 1147 774 1220 animo
792 1161 828 1218 et
854 1145 962 1226 alacri
975 1144 1056 1218 tulit
1077 1145 1279 1220 Conditoris
1294 1149 1391 1223 arbi·

321 1259 465 1354 trium3
485 1264 597 1352 laetus,
616 1277 657 1336 ut
674 1261 734 1346 eit,
757 1259 857 1359 quod
876 1285 918 1332 en
933 1259 1002 1332 hac
1017 1262 1118 1357 quasi
1134 1260 1237 1334 lovea
1250 1264 1289 1334 in
1303 1265 1393 1338 illud

320 1375 531 1474 aliquando
549 1377 715 1452 evaderet
730 1375 886 1449 liberum
902 1390 939 1448 et
949 1373 1113 1448 sublime.
1129 1381 1254 1450 Nonne
1268 1378 1394 1478 spiritu

322 1493 401 1566 hoo
421 1494 649 1592 praeviderat,
665 1491 812 1590 quando
827 1491 979 1566 Turonis
995 1491 1042 1564 ad
1053 1491 1260 1590 sepulcrum
1275 1496 1395 1568 eximii

324 1608 553 1684 confessoris
574 1610 703 1684 eodem
729 1633 826 1681 anuo
848 1606 977 1680 orandi
995 1609 1104 1703 gratia
1128 1609 1311 1707 proiectus
1329 1627 1394 1700 est,

325 1726 516 1821 migrandi
533 1727 658 1825 utique
672 1726 846 1824 petiturus
860 1722 1054 1811 licentiam,
1071 1738 1120 1813 et,
1137 1739 1178 1796 ut
1188 1725 1293 1798 nobis
1306 1753 1399 1802 asse-

329 1841 455 1932 rebat,
478 1841 555 1916 vale
578 1840 627 1913 illi
643 1840 805 1914 dicturus
821 1839 1012 1911 ultimum?
1028 1837 1096 1911 Ubi
1110 1840 1218 1913 etiam
1230 1841 1275 1913 ad
1286 1844 1398 1916 saneti

331 1959 525 2030 tumulum
558 1957 661 2029 solita
690 1954 900 2028 liberalitate
926 1955 1021 2026 visus
1047 1969 1101 2026 est
1124 1957 1253 2053 egregii
1281 1959 1400 2058 operis

333 2086 478 2146 vestem
496 2071 668 2146 obtulisse
685 2071 846 2144 sericam.

387 2187 486 2260 lllud
510 2202 649 2260 tantum
675 2185 825 2259 moleste
842 2187 1032 2260 videbatur
1047 2187 1152 2280 terre,
1174 2189 1275 2287 quod
1290 2189 1403 2263 devo·

336 2303 453 2376 tionis
479 2327 550 2375 suae
572 2301 799 2400 propositum
831 2301 921 2374 alius
946 2303 1157 2402 susciperet,
1179 2305 1341 2400 segnius,
1363 2320 1404 2377 ut

337 2416 508 2509 timebat,
530 2415 786 2516 peragendum.
806 2420 857 2488 Ne
882 2441 967 2514 crgo
989 2433 1117 2491 votum
1141 2443 1248 2492 suum
1258 2445 1406 2518 prorsus

338 2531 518 2606 iniectum
534 2532 765 2629 relinqueret,
776 2530 879 2626 elegit
890 2557 932 2604 ex
944 2532 1175 2606 nobilissimis
1187 2539 1407 2608 Francorum

341 2649 558 2748 proceribus
577 2650 696 2722 virum
720 2663 757 2721 et
780 2649 901 2720 animo
930 2663 967 2720 et
988 2648 1126 2722 viribus
1146 2650 1185 2722 in
1200 2676 1242 2723 re
1263 2651 1406 2725 militari

342 2764 706 2864 experientissimum,
724 2778 760 2837 et
776 2787 885 2861 quem
912 2764 989 2837 vice
1013 2790 1077 2837 sua
1095 2767 1254 2840 mitteret
1267 2783 1405 2866 aptum,

344 2905 393 2952 eo
407 2881 507 2979 quod
534 2879 581 2952 ad
606 2878 786 2952 coelestem
815 2879 1038 2954 Hierusalem
1053 2896 1201 2954 vocatus
1221 2883 1297 2980 ipse
1311 2883 1412 2982 praei·

346 3011 417 3070 ret,
434 2997 500 3068 Cui
517 3020 601 3068 cum
614 3011 650 3067 et
673 3019 765 3094 opus
789 3019 895 3066 suum
915 3009 952 3067 et
969 3011 1095 3068 votum
1113 2997 1286 3095 impressa
1303 3023 1411 3070 cruce

347 3111 569 3210 injunxisset,
581 3111 760 3208 impensas
769 3133 916 3206 quoque
931 3134 1020 3209 quas
1034 3113 1253 3209 premiserat
1268 3131 1413 3187 conces·

349 3230 397 3302 sit
414 3253 422 3298 :
439 3251 518 3326 quoe
533 3225 584 3298 illi
603 3223 779 3316 videlicet,
797 3238 833 3297 et
844 3247 919 3300 non
936 3225 1059 3322 paucis
1076 3225 1268 3315 militibus,
1285 3227 1334 3300 ad
1347 3228 1413 3301 im-

350 3343 566 3442 pugnandos
592 3339 751 3440 perfidos
775 3354 811 3413 et
837 3339 1058 3414 ulciscendas
1079 3342 1240 3421 coelestes
1265 3344 1413 3441 injurias

351 3458 460 3553 longo
477 3455 866 3556 temporesufficerent.

404 3574 455 3644 Ex
479 3569 538 3642 illa
567 3568 723 3666 denique
744 3567 802 3639 die
822 3568 918 3667 cepit
936 3568 1064 3640 horam
1083 3567 1248 3643 ultimam
1268 3570 1416 3647 hilarior

354 3700 541 3785 expectare
560 3711 569 3755 ε
586 3707 654 3756 nec
682 3681 884 3782 trepidabat
912 3680 959 3753 ad
987 3699 1160 3775 extrema,
1190 3685 1275 3783 quia
1303 3688 1416 3762 vitam

356 3813 669 3876 consummaverat
683 3812 767 3871 ante
784 3812 956 3888 mortem,
970 3821 1038 3868 nec
1052 3797 1197 3895 pigebat
1212 3823 1298 3873 eum
1321 3803 1415 3874 mori

356 3942 440 3992 cum
459 3915 604 4013 juvaret
617 3914 752 3986 uivere.
771 3911 902 3998 libens
925 3911 1059 4006 exibat,
1088 3915 1258 4010 quoniam
1285 3919 1416 3990 emisso

357 4030 426 4104 sibi
446 4029 580 4104 sciebat
603 4029 751 4102 meliora
780 4043 924 4102 restare.
950 4032 1022 4101 Nec
1038 4028 1189 4127 putabat
1211 4031 1415 4106 exeundum

359 4149 436 4220 viro
454 4145 555 4219 bono
564 4145 657 4219 sicut
667 4146 739 4218 exit
754 4144 818 4242 qui
831 4142 984 4241 ejicitur,
997 4144 1061 4241 qui
1073 4143 1207 4218 invitus
1215 4148 1414 4246 expellitur.

361 4267 443 4337 Erat
457 4261 578 4360 itaque
596 4261 633 4332 in
649 4274 847 4359 conspectu
872 4259 997 4332 mortis
1011 4257 1138 4355 alacer,
1156 4276 1193 4335 et
1205 4264 1420 4362 promitten.

364 4380 460 4454 tibus
479 4379 603 4466 vitam,
625 4381 741 4450 Deum
760 4389 886 4463 testor,
907 4377 1020 4468 magis
1039 4376 1292 4473 indignabatur
1311 4408 1422 4481 quam

364 4493 488 4570 morti.
523 4492 595 4582 Qui
627 4493 763 4566 mirum
790 4491 827 4563 in
853 4489 1007 4564 modum
1028 4515 1074 4564 eo
1096 4492 1196 4566 vultu
1221 4493 1423 4596 eodemque

1268 4621 1308 4677 at
