<?xml version="1.0" encoding="UTF-8"?>
<!DOCTYPE html PUBLIC "-//W3C//DTD XHTML 1.0 Transitional//EN"
    "http://www.w3.org/TR/xhtml1/DTD/xhtml1-transitional.dtd">
<html xmlns="http://www.w3.org/1999/xhtml" xml:lang="en" lang="en">
 <head>
  <title>
</title>
<meta http-equiv="Content-Type" content="text/html;charset=utf-8" />
  <meta name='ocr-system' content='tesseract 3.04.00' />
  <meta name='ocr-capabilities' content='ocr_page ocr_carea ocr_par ocr_line ocrx_word'/>
</head>
<body>
  <div class='ocr_page' id='page_1' title='image "./oeuvrescompltes00sugegoog_0159.png"; bbox 0 0 3742 5667; ppageno 0'>
   <div class='ocr_carea' id='block_1_1' title="bbox 626 742 1388 807">
    <p class='ocr_par' dir='ltr' id='par_1_1' title="bbox 626 742 1388 807">
     <span class='ocr_line' id='line_1_1' title="bbox 626 742 1388 807; baseline 0.003 -4"><span class='ocrx_word' id='word_1_1' title='bbox 626 745 689 803; x_wconf 69' lang='lat' dir='ltr'><strong>vlla</strong></span> <span class='ocrx_word' id='word_1_2' title='bbox 705 744 755 806; x_wconf 76' lang='lat' dir='ltr'><strong>DE</strong></span> <span class='ocrx_word' id='word_1_3' title='bbox 774 742 889 803; x_wconf 76' lang='lat' dir='ltr'><strong>Lotus</strong></span> <span class='ocrx_word' id='word_1_4' title='bbox 907 744 957 801; x_wconf 82' lang='lat' dir='ltr'><strong>LE</strong></span> <span class='ocrx_word' id='word_1_5' title='bbox 976 744 1086 805; x_wconf 80' lang='lat' dir='ltr'><strong>GROS.</strong></span> <span class='ocrx_word' id='word_1_6' title='bbox 1331 749 1388 807; x_wconf 75' lang='lat'><strong>123</strong></span> 
     </span>
    </p>
   </div>
   <div class='ocr_carea' id='block_1_2' title="bbox 316 875 1395 4017">
    <p class='ocr_par' dir='ltr' id='par_1_2' title="bbox 316 875 1394 3188">
     <span class='ocr_line' id='line_1_2' title="bbox 317 875 1390 973; baseline 0.003 -25"><span class='ocrx_word' id='word_1_7' title='bbox 317 876 492 971; x_wconf 77' lang='lat' dir='ltr'><strong>oestellis,</strong></span> <span class='ocrx_word' id='word_1_8' title='bbox 520 901 560 951; x_wconf 89' lang='lat' dir='ltr'><strong>sc</strong></span> <span class='ocrx_word' id='word_1_9' title='bbox 584 877 853 950; x_wconf 90' lang='lat' dir='ltr'><strong>commiserunt.</strong></span> <span class='ocrx_word' id='word_1_10' title='bbox 876 875 979 949; x_wconf 87' lang='lat' dir='ltr'><strong>Unde</strong></span> <span class='ocrx_word' id='word_1_11' title='bbox 999 877 1124 951; x_wconf 81' lang='lat' dir='ltr'><strong>Franci</strong></span> <span class='ocrx_word' id='word_1_12' title='bbox 1148 877 1311 973; x_wconf 75' lang='lat' dir='ltr'><strong>consulte</strong></span> <span class='ocrx_word' id='word_1_13' title='bbox 1332 903 1390 951; x_wconf 91' lang='lat' dir='ltr'><strong>eo·</strong></span> 
     </span>
     <span class='ocr_line' id='line_1_3' title="bbox 317 992 1390 1093; baseline 0.003 -27"><span class='ocrx_word' id='word_1_14' title='bbox 317 1018 405 1066; x_wconf 88' lang='lat' dir='ltr'><strong>rum</strong></span> <span class='ocrx_word' id='word_1_15' title='bbox 420 994 630 1069; x_wconf 89' lang='lat' dir='ltr'><strong>deridentes</strong></span> <span class='ocrx_word' id='word_1_16' title='bbox 644 994 922 1093; x_wconf 86' lang='lat' dir='ltr'><strong>simplicitatem,</strong></span> <span class='ocrx_word' id='word_1_17' title='bbox 951 1008 988 1065; x_wconf 92' lang='lat' dir='ltr'><strong>et</strong></span> <span class='ocrx_word' id='word_1_18' title='bbox 1012 993 1061 1066; x_wconf 91' lang='lat' dir='ltr'><strong>ad</strong></span> <span class='ocrx_word' id='word_1_19' title='bbox 1090 992 1219 1067; x_wconf 90' lang='lat' dir='ltr'><strong>urbem</strong></span> <span class='ocrx_word' id='word_1_20' title='bbox 1241 995 1390 1069; x_wconf 90' lang='lat' dir='ltr'><strong>tendere</strong></span> 
     </span>
     <span class='ocr_line' id='line_1_4' title="bbox 316 1106 1388 1206; baseline 0.004 -25"><span class='ocrx_word' id='word_1_21' title='bbox 316 1106 548 1206; x_wconf 81' lang='lat' dir='ltr'><strong>differentes,</strong></span> <span class='ocrx_word' id='word_1_22' title='bbox 567 1124 607 1185; x_wconf 91' lang='lat' dir='ltr'><strong>ut</strong></span> <span class='ocrx_word' id='word_1_23' title='bbox 627 1125 690 1184; x_wconf 88' lang='lat' dir='ltr'><strong>aut</strong></span> <span class='ocrx_word' id='word_1_24' title='bbox 705 1111 887 1184; x_wconf 84' lang='lat' dir='ltr'><strong>civitatem</strong></span> <span class='ocrx_word' id='word_1_25' title='bbox 909 1108 1148 1205; x_wconf 82' lang='lat' dir='ltr'><strong>dimitterent,</strong></span> <span class='ocrx_word' id='word_1_26' title='bbox 1174 1135 1221 1184; x_wconf 95' lang='lat' dir='ltr'><strong>ne</strong></span> <span class='ocrx_word' id='word_1_27' title='bbox 1242 1112 1388 1185; x_wconf 85' lang='lat' dir='ltr'><strong>castella</strong></span> 
     </span>
     <span class='ocr_line' id='line_1_5' title="bbox 317 1226 1391 1323; baseline 0.003 -24"><span class='ocrx_word' id='word_1_28' title='bbox 317 1227 544 1323; x_wconf 88' lang='lat' dir='ltr'><strong>amitterent,</strong></span> <span class='ocrx_word' id='word_1_29' title='bbox 562 1242 627 1302; x_wconf 89' lang='lat' dir='ltr'><strong>aut</strong></span> <span class='ocrx_word' id='word_1_30' title='bbox 641 1228 670 1300; x_wconf 90' lang='lat' dir='ltr'><strong>si</strong></span> <span class='ocrx_word' id='word_1_31' title='bbox 689 1241 931 1317; x_wconf 81' lang='lat' dir='ltr'><strong>remanerent,</strong></span> <span class='ocrx_word' id='word_1_32' title='bbox 951 1227 1098 1299; x_wconf 90' lang='lat' dir='ltr'><strong>interim</strong></span> <span class='ocrx_word' id='word_1_33' title='bbox 1120 1226 1288 1299; x_wconf 79' lang='lat' dir='ltr'><strong>victualia</strong></span> <span class='ocrx_word' id='word_1_34' title='bbox 1303 1253 1391 1303; x_wconf 92' lang='lat' dir='ltr'><strong>con-</strong></span> 
     </span>
     <span class='ocr_line' id='line_1_6' title="bbox 317 1343 1387 1444; baseline 0.002 -29"><span class='ocrx_word' id='word_1_35' title='bbox 317 1360 523 1437; x_wconf 86' lang='lat' dir='ltr'><strong>sumerent,</strong></span> <span class='ocrx_word' id='word_1_36' title='bbox 537 1344 586 1418; x_wconf 83' lang='lat' dir='ltr'><strong>ad</strong></span> <span class='ocrx_word' id='word_1_37' title='bbox 596 1358 755 1417; x_wconf 87' lang='lat' dir='ltr'><strong>castrum</strong></span> <span class='ocrx_word' id='word_1_38' title='bbox 761 1343 1023 1444; x_wconf 90' lang='lat' dir='ltr'><strong>peroptimum,</strong></span> <span class='ocrx_word' id='word_1_39' title='bbox 1041 1348 1197 1416; x_wconf 89' lang='lat' dir='ltr'><strong>Pontum</strong></span> <span class='ocrx_word' id='word_1_40' title='bbox 1207 1343 1355 1417; x_wconf 91' lang='lat' dir='ltr'><strong>nomine</strong></span> <span class='ocrx_word' id='word_1_41' title='bbox 1364 1350 1387 1437; x_wconf 89' lang='lat'><strong>¹,</strong></span> 
     </span>
     <span class='ocr_line' id='line_1_7' title="bbox 316 1457 1390 1559; baseline 0.002 -28"><span class='ocrx_word' id='word_1_42' title='bbox 316 1484 430 1558; x_wconf 89' lang='lat' dir='ltr'><strong>super</strong></span> <span class='ocrx_word' id='word_1_43' title='bbox 445 1460 598 1534; x_wconf 85' lang='lat' dir='ltr'><strong>fluvium</strong></span> <span class='ocrx_word' id='word_1_44' title='bbox 611 1458 762 1532; x_wconf 90' lang='lat' dir='ltr'><strong>Hilerim</strong></span> <span class='ocrx_word' id='word_1_45' title='bbox 771 1457 1006 1531; x_wconf 84' lang='lat' dir='ltr'><strong>diverterunt.</strong></span> <span class='ocrx_word' id='word_1_46' title='bbox 1023 1458 1094 1532; x_wconf 90' lang='lat' dir='ltr'><strong>Ubi</strong></span> <span class='ocrx_word' id='word_1_47' title='bbox 1105 1460 1390 1559; x_wconf 86' lang='lat' dir='ltr'><strong>circumquaque</strong></span> 
     </span>
     <span class='ocr_line' id='line_1_8' title="bbox 316 1574 1392 1676; baseline 0.004 -29"><span class='ocrx_word' id='word_1_48' title='bbox 316 1578 479 1649; x_wconf 86' lang='lat' dir='ltr'><strong>tentoria</strong></span> <span class='ocrx_word' id='word_1_49' title='bbox 496 1577 656 1675; x_wconf 86' lang='lat' dir='ltr'><strong>figentes,</strong></span> <span class='ocrx_word' id='word_1_50' title='bbox 678 1601 781 1675; x_wconf 82' lang='lat' dir='ltr'><strong>aeque</strong></span> <span class='ocrx_word' id='word_1_51' title='bbox 800 1577 907 1675; x_wconf 85' lang='lat' dir='ltr'><strong>plana</strong></span> <span class='ocrx_word' id='word_1_52' title='bbox 932 1590 969 1649; x_wconf 90' lang='lat' dir='ltr'><strong>et</strong></span> <span class='ocrx_word' id='word_1_53' title='bbox 994 1574 1107 1649; x_wconf 89' lang='lat' dir='ltr'><strong>ardua</strong></span> <span class='ocrx_word' id='word_1_54' title='bbox 1125 1574 1311 1676; x_wconf 87' lang='lat' dir='ltr'><strong>diripiunt,</strong></span> <span class='ocrx_word' id='word_1_55' title='bbox 1341 1578 1392 1673; x_wconf 85' lang='lat' dir='ltr'><strong>gi·</strong></span> 
     </span>
     <span class='ocr_line' id='line_1_9' title="bbox 318 1692 1392 1789; baseline 0.003 -25"><span class='ocrx_word' id='word_1_56' title='bbox 318 1706 449 1789; x_wconf 79' lang='lat' dir='ltr'><strong>gantca</strong></span> <span class='ocrx_word' id='word_1_57' title='bbox 468 1694 619 1769; x_wconf 87' lang='lat' dir='ltr'><strong>andacia</strong></span> <span class='ocrx_word' id='word_1_58' title='bbox 634 1693 768 1767; x_wconf 87' lang='lat' dir='ltr'><strong>coelum</strong></span> <span class='ocrx_word' id='word_1_59' title='bbox 783 1693 933 1767; x_wconf 88' lang='lat' dir='ltr'><strong>tendere</strong></span> <span class='ocrx_word' id='word_1_60' title='bbox 958 1693 1143 1788; x_wconf 88' lang='lat' dir='ltr'><strong>videntur,</strong></span> <span class='ocrx_word' id='word_1_61' title='bbox 1166 1692 1256 1766; x_wconf 92' lang='lat' dir='ltr'><strong>dum</strong></span> <span class='ocrx_word' id='word_1_62' title='bbox 1276 1695 1392 1767; x_wconf 92' lang='lat' dir='ltr'><strong>muni·</strong></span> 
     </span>
     <span class='ocr_line' id='line_1_10' title="bbox 318 1808 1390 1910; baseline 0.002 -29"><span class='ocrx_word' id='word_1_63' title='bbox 318 1808 461 1881; x_wconf 87' lang='lat' dir='ltr'><strong>tissima</strong></span> <span class='ocrx_word' id='word_1_64' title='bbox 485 1812 667 1883; x_wconf 90' lang='lat' dir='ltr'><strong>montium</strong></span> <span class='ocrx_word' id='word_1_65' title='bbox 691 1810 879 1882; x_wconf 91' lang='lat' dir='ltr'><strong>cacumina</strong></span> <span class='ocrx_word' id='word_1_66' title='bbox 902 1809 1123 1908; x_wconf 69' lang='lat' dir='ltr'><strong>praeripiunt,</strong></span> <span class='ocrx_word' id='word_1_67' title='bbox 1155 1808 1292 1910; x_wconf 81' lang='lat' dir='ltr'><strong>praedas</strong></span> <span class='ocrx_word' id='word_1_68' title='bbox 1314 1834 1390 1883; x_wconf 89' lang='lat' dir='ltr'><strong>non</strong></span> 
     </span>
     <span class='ocr_line' id='line_1_11' title="bbox 319 1925 1391 2030; baseline -0.003 -29"><span class='ocrx_word' id='word_1_69' title='bbox 319 1942 467 2001; x_wconf 90' lang='lat' dir='ltr'><strong>tantum</strong></span> <span class='ocrx_word' id='word_1_70' title='bbox 483 1953 671 2030; x_wconf 89' lang='lat' dir='ltr'><strong>pecorum,</strong></span> <span class='ocrx_word' id='word_1_71' title='bbox 686 1928 750 2001; x_wconf 90' lang='lat' dir='ltr'><strong>sed</strong></span> <span class='ocrx_word' id='word_1_72' title='bbox 769 1942 807 2001; x_wconf 91' lang='lat' dir='ltr'><strong>ct</strong></span> <span class='ocrx_word' id='word_1_73' title='bbox 819 1925 1043 2027; x_wconf 87' lang='lat' dir='ltr'><strong>pecoralium</strong></span> <span class='ocrx_word' id='word_1_74' title='bbox 1060 1926 1253 2001; x_wconf 91' lang='lat' dir='ltr'><strong>hominum</strong></span> <span class='ocrx_word' id='word_1_75' title='bbox 1271 1951 1391 2027; x_wconf 86' lang='lat' dir='ltr'><strong>super-</strong></span> 
     </span>
     <span class='ocr_line' id='line_1_12' title="bbox 321 2043 1392 2143; baseline -0.002 -24"><span class='ocrx_word' id='word_1_76' title='bbox 321 2048 397 2119; x_wconf 88' lang='lat' dir='ltr'><strong>fluo</strong></span> <span class='ocrx_word' id='word_1_77' title='bbox 430 2049 541 2120; x_wconf 90' lang='lat' dir='ltr'><strong>etiam</strong></span> <span class='ocrx_word' id='word_1_78' title='bbox 583 2047 745 2120; x_wconf 90' lang='lat' dir='ltr'><strong>educunt</strong></span> <span class='ocrx_word' id='word_1_79' title='bbox 764 2048 804 2137; x_wconf 79' lang='lat'><strong>¹3</strong></span> <span class='ocrx_word' id='word_1_80' title='bbox 850 2045 1088 2117; x_wconf 89' lang='lat' dir='ltr'><strong>instrumenta</strong></span> <span class='ocrx_word' id='word_1_81' title='bbox 1130 2043 1392 2143; x_wconf 84' lang='lat' dir='ltr'><strong>impugnatoria</strong></span> 
     </span>
     <span class='ocr_line' id='line_1_13' title="bbox 320 2160 1390 2262; baseline -0.003 -26"><span class='ocrx_word' id='word_1_82' title='bbox 320 2163 414 2236; x_wconf 90' lang='lat' dir='ltr'><strong>turri</strong></span> <span class='ocrx_word' id='word_1_83' title='bbox 427 2163 591 2262; x_wconf 88' lang='lat' dir='ltr'><strong>ejusdem</strong></span> <span class='ocrx_word' id='word_1_84' title='bbox 608 2162 745 2236; x_wconf 87' lang='lat' dir='ltr'><strong>castelli</strong></span> <span class='ocrx_word' id='word_1_85' title='bbox 760 2160 995 2261; x_wconf 87' lang='lat' dir='ltr'><strong>applicantes,</strong></span> <span class='ocrx_word' id='word_1_86' title='bbox 1011 2186 1180 2233; x_wconf 89' lang='lat' dir='ltr'><strong>saxorum</strong></span> <span class='ocrx_word' id='word_1_87' title='bbox 1196 2161 1390 2234; x_wconf 85' lang='lat' dir='ltr'><strong>molarium</strong></span> 
     </span>
     <span class='ocr_line' id='line_1_14' title="bbox 319 2278 1392 2381; baseline -0.003 -27"><span class='ocrx_word' id='word_1_88' title='bbox 319 2282 476 2381; x_wconf 90' lang='lat' dir='ltr'><strong>impetu,</strong></span> <span class='ocrx_word' id='word_1_89' title='bbox 492 2282 700 2378; x_wconf 85' lang='lat' dir='ltr'><strong>sagittarum</strong></span> <span class='ocrx_word' id='word_1_90' title='bbox 717 2279 908 2379; x_wconf 81' lang='lat' dir='ltr'><strong>impluvio,</strong></span> <span class='ocrx_word' id='word_1_91' title='bbox 923 2278 1037 2352; x_wconf 91' lang='lat' dir='ltr'><strong>multa</strong></span> <span class='ocrx_word' id='word_1_92' title='bbox 1054 2304 1116 2352; x_wconf 89' lang='lat' dir='ltr'><strong>eos</strong></span> <span class='ocrx_word' id='word_1_93' title='bbox 1139 2293 1254 2375; x_wconf 85' lang='lat' dir='ltr'><strong>strage</strong></span> <span class='ocrx_word' id='word_1_94' title='bbox 1270 2278 1317 2351; x_wconf 90' lang='lat' dir='ltr'><strong>ad</strong></span> <span class='ocrx_word' id='word_1_95' title='bbox 1331 2278 1392 2351; x_wconf 90' lang='lat' dir='ltr'><strong>de·</strong></span> 
     </span>
     <span class='ocr_line' id='line_1_15' title="bbox 321 2396 1393 2499; baseline -0.005 -26"><span class='ocrx_word' id='word_1_96' title='bbox 321 2399 502 2473; x_wconf 86' lang='lat' dir='ltr'><strong>ditionem</strong></span> <span class='ocrx_word' id='word_1_97' title='bbox 513 2397 749 2499; x_wconf 89' lang='lat' dir='ltr'><strong>compellunt.</strong></span> <span class='ocrx_word' id='word_1_98' title='bbox 765 2400 847 2485; x_wconf 91' lang='lat' dir='ltr'><strong>Quo</strong></span> <span class='ocrx_word' id='word_1_99' title='bbox 860 2396 998 2490; x_wconf 90' lang='lat' dir='ltr'><strong>audito,</strong></span> <span class='ocrx_word' id='word_1_100' title='bbox 1017 2398 1081 2496; x_wconf 92' lang='lat' dir='ltr'><strong>qui</strong></span> <span class='ocrx_word' id='word_1_101' title='bbox 1094 2396 1276 2470; x_wconf 84' lang='lat' dir='ltr'><strong>civitatem</strong></span> <span class='ocrx_word' id='word_1_102' title='bbox 1289 2412 1393 2470; x_wconf 87' lang='lat' dir='ltr'><strong>tene·</strong></span> 
     </span>
     <span class='ocr_line' id='line_1_16' title="bbox 322 2515 1391 2616; baseline -0.001 -26"><span class='ocrx_word' id='word_1_103' title='bbox 322 2517 426 2607; x_wconf 87' lang='lat' dir='ltr'><strong>bant,</strong></span> <span class='ocrx_word' id='word_1_104' title='bbox 445 2516 577 2589; x_wconf 88' lang='lat' dir='ltr'><strong>timore</strong></span> <span class='ocrx_word' id='word_1_105' title='bbox 594 2515 764 2616; x_wconf 88' lang='lat' dir='ltr'><strong>perculsi,</strong></span> <span class='ocrx_word' id='word_1_106' title='bbox 782 2515 898 2589; x_wconf 92' lang='lat' dir='ltr'><strong>simile</strong></span> <span class='ocrx_word' id='word_1_107' title='bbox 917 2529 980 2589; x_wconf 88' lang='lat' dir='ltr'><strong>aut</strong></span> <span class='ocrx_word' id='word_1_108' title='bbox 994 2518 1135 2613; x_wconf 83' lang='lat' dir='ltr'><strong>gravius</strong></span> <span class='ocrx_word' id='word_1_109' title='bbox 1151 2515 1241 2616; x_wconf 92' lang='lat' dir='ltr'><strong>quid</strong></span> <span class='ocrx_word' id='word_1_110' title='bbox 1263 2541 1391 2615; x_wconf 81' lang='lat' dir='ltr'><strong>expec-</strong></span> 
     </span>
     <span class='ocr_line' id='line_1_17' title="bbox 322 2633 1389 2733; baseline -0.004 -26"><span class='ocrx_word' id='word_1_111' title='bbox 322 2648 452 2724; x_wconf 90' lang='lat' dir='ltr'><strong>tantes,</strong></span> <span class='ocrx_word' id='word_1_112' title='bbox 469 2633 591 2731; x_wconf 82' lang='lat' dir='ltr'><strong>fugam</strong></span> <span class='ocrx_word' id='word_1_113' title='bbox 603 2646 743 2733; x_wconf 86' lang='lat' dir='ltr'><strong>parant,</strong></span> <span class='ocrx_word' id='word_1_114' title='bbox 760 2633 940 2706; x_wconf 85' lang='lat' dir='ltr'><strong>civitatem</strong></span> <span class='ocrx_word' id='word_1_115' title='bbox 968 2648 1113 2725; x_wconf 84' lang='lat' dir='ltr'><strong>exeunt,</strong></span> <span class='ocrx_word' id='word_1_116' title='bbox 1134 2657 1286 2733; x_wconf 90' lang='lat' dir='ltr'><strong>eamque</strong></span> <span class='ocrx_word' id='word_1_117' title='bbox 1299 2633 1389 2729; x_wconf 83' lang='lat' dir='ltr'><strong>regis</strong></span> 
     </span>
     <span class='ocr_line' id='line_1_18' title="bbox 323 2748 1394 2849; baseline -0.002 -26"><span class='ocrx_word' id='word_1_118' title='bbox 323 2748 474 2823; x_wconf 86' lang='lat' dir='ltr'><strong>arbitrio</strong></span> <span class='ocrx_word' id='word_1_119' title='bbox 492 2748 761 2849; x_wconf 89' lang='lat' dir='ltr'><strong>derelinquunt.</strong></span> <span class='ocrx_word' id='word_1_120' title='bbox 779 2751 852 2821; x_wconf 81' lang='lat' dir='ltr'><strong>Rex</strong></span> <span class='ocrx_word' id='word_1_121' title='bbox 864 2764 986 2822; x_wconf 87' lang='lat' dir='ltr'><strong>autem</strong></span> <span class='ocrx_word' id='word_1_122' title='bbox 1000 2765 1037 2821; x_wconf 93' lang='lat' dir='ltr'><strong>et</strong></span> <span class='ocrx_word' id='word_1_123' title='bbox 1048 2752 1125 2822; x_wconf 89' lang='lat' dir='ltr'><strong>Deo</strong></span> <span class='ocrx_word' id='word_1_124' title='bbox 1139 2748 1340 2841; x_wconf 85' lang='lat' dir='ltr'><strong>ecclesiam,</strong></span> <span class='ocrx_word' id='word_1_125' title='bbox 1356 2764 1394 2821; x_wconf 89' lang='lat' dir='ltr'><strong>et</strong></span> 
     </span>
     <span class='ocr_line' id='line_1_19' title="bbox 323 2865 1394 2966; baseline -0.003 -25"><span class='ocrx_word' id='word_1_126' title='bbox 323 2866 419 2941; x_wconf 91' lang='lat' dir='ltr'><strong>clero</strong></span> <span class='ocrx_word' id='word_1_127' title='bbox 440 2882 574 2961; x_wconf 78' lang='lat' dir='ltr'><strong>turres,</strong></span> <span class='ocrx_word' id='word_1_128' title='bbox 592 2880 630 2938; x_wconf 90' lang='lat' dir='ltr'><strong>et</strong></span> <span class='ocrx_word' id='word_1_129' title='bbox 647 2867 816 2966; x_wconf 91' lang='lat' dir='ltr'><strong>episcopo</strong></span> <span class='ocrx_word' id='word_1_130' title='bbox 836 2866 1030 2957; x_wconf 84' lang='lat' dir='ltr'><strong>civitatem,</strong></span> <span class='ocrx_word' id='word_1_131' title='bbox 1051 2890 1138 2965; x_wconf 85' lang='lat' dir='ltr'><strong>pace</strong></span> <span class='ocrx_word' id='word_1_132' title='bbox 1159 2865 1337 2939; x_wconf 85' lang='lat' dir='ltr'><strong>intereos</strong></span> <span class='ocrx_word' id='word_1_133' title='bbox 1356 2880 1394 2938; x_wconf 90' lang='lat' dir='ltr'><strong>et</strong></span> 
     </span>
     <span class='ocr_line' id='line_1_20' title="bbox 323 2980 1391 3082; baseline 0 -26"><span class='ocrx_word' id='word_1_134' title='bbox 323 2982 494 3057; x_wconf 87' lang='lat' dir='ltr'><strong>comitem</strong></span> <span class='ocrx_word' id='word_1_135' title='bbox 532 2996 569 3055; x_wconf 91' lang='lat' dir='ltr'><strong>et</strong></span> <span class='ocrx_word' id='word_1_136' title='bbox 597 2984 828 3057; x_wconf 85' lang='lat' dir='ltr'><strong>sacramentis</strong></span> <span class='ocrx_word' id='word_1_137' title='bbox 852 2996 888 3055; x_wconf 90' lang='lat' dir='ltr'><strong>et</strong></span> <span class='ocrx_word' id='word_1_138' title='bbox 920 2980 1093 3055; x_wconf 89' lang='lat' dir='ltr'><strong>obsidum</strong></span> <span class='ocrx_word' id='word_1_139' title='bbox 1123 2980 1391 3082; x_wconf 85' lang='lat' dir='ltr'><strong>multiplicitate</strong></span> 
     </span>
     <span class='ocr_line' id='line_1_21' title="bbox 325 3098 1025 3188; baseline -0.001 -17"><span class='ocrx_word' id='word_1_140' title='bbox 325 3098 478 3188; x_wconf 85' lang='lat' dir='ltr'><strong>firmata,</strong></span> <span class='ocrx_word' id='word_1_141' title='bbox 493 3100 613 3173; x_wconf 88' lang='lat' dir='ltr'><strong>victor</strong></span> <span class='ocrx_word' id='word_1_142' title='bbox 623 3101 662 3173; x_wconf 92' lang='lat' dir='ltr'><strong>in</strong></span> <span class='ocrx_word' id='word_1_143' title='bbox 677 3099 848 3173; x_wconf 90' lang='lat' dir='ltr'><strong>omnibus</strong></span> <span class='ocrx_word' id='word_1_144' title='bbox 858 3100 1025 3172; x_wconf 89' lang='lat' dir='ltr'><strong>restituit.</strong></span> 
     </span>
    </p>

    <p class='ocr_par' dir='ltr' id='par_1_3' title="bbox 329 3212 1395 4017">
     <span class='ocr_line' id='line_1_22' title="bbox 373 3212 1395 3316; baseline -0.003 -28"><span class='ocrx_word' id='word_1_145' title='bbox 373 3221 511 3289; x_wconf 86' lang='lat' dir='ltr'><strong>Verum</strong></span> <span class='ocrx_word' id='word_1_146' title='bbox 527 3232 737 3316; x_wconf 91' lang='lat' dir='ltr'><strong>temporum</strong></span> <span class='ocrx_word' id='word_1_147' title='bbox 747 3216 860 3291; x_wconf 89' lang='lat' dir='ltr'><strong>lustro</strong></span> <span class='ocrx_word' id='word_1_148' title='bbox 875 3231 1036 3316; x_wconf 90' lang='lat' dir='ltr'><strong>peracto,</strong></span> <span class='ocrx_word' id='word_1_149' title='bbox 1052 3238 1138 3286; x_wconf 89' lang='lat' dir='ltr'><strong>cum</strong></span> <span class='ocrx_word' id='word_1_150' title='bbox 1153 3212 1395 3287; x_wconf 69' lang='lat' dir='ltr'><strong>nivernorum</strong></span> 
     </span>
     <span class='ocr_line' id='line_1_23' title="bbox 329 3329 1395 3433; baseline -0.003 -28"><span class='ocrx_word' id='word_1_151' title='bbox 329 3332 501 3405; x_wconf 86' lang='lat' dir='ltr'><strong>comitum</strong></span> <span class='ocrx_word' id='word_1_152' title='bbox 533 3333 696 3433; x_wconf 85' lang='lat' dir='ltr'><strong>perfida&#39;</strong></span> <span class='ocrx_word' id='word_1_153' title='bbox 716 3334 860 3408; x_wconf 81' lang='lat' dir='ltr'><strong>levitate</strong></span> <span class='ocrx_word' id='word_1_154' title='bbox 886 3332 1103 3423; x_wconf 88' lang='lat' dir='ltr'><strong>solveretur,</strong></span> <span class='ocrx_word' id='word_1_155' title='bbox 1134 3329 1291 3403; x_wconf 88' lang='lat' dir='ltr'><strong>recidiva</strong></span> <span class='ocrx_word' id='word_1_156' title='bbox 1317 3332 1395 3429; x_wconf 91' lang='lat' dir='ltr'><strong>epi·</strong></span> 
     </span>
     <span class='ocr_line' id='line_1_24' title="bbox 330 3448 1392 3548; baseline -0.002 -27"><span class='ocrx_word' id='word_1_157' title='bbox 330 3449 425 3548; x_wconf 89' lang='lat' dir='ltr'><strong>scopi</strong></span> <span class='ocrx_word' id='word_1_158' title='bbox 455 3465 493 3522; x_wconf 89' lang='lat' dir='ltr'><strong>et</strong></span> <span class='ocrx_word' id='word_1_159' title='bbox 524 3452 681 3525; x_wconf 89' lang='lat' dir='ltr'><strong>ecclesiae</strong></span> <span class='ocrx_word' id='word_1_160' title='bbox 705 3451 888 3524; x_wconf 86' lang='lat' dir='ltr'><strong>calamitas</strong></span> <span class='ocrx_word' id='word_1_161' title='bbox 910 3448 1106 3522; x_wconf 90' lang='lat' dir='ltr'><strong>recidivam</strong></span> <span class='ocrx_word' id='word_1_162' title='bbox 1129 3462 1288 3547; x_wconf 87' lang='lat' dir='ltr'><strong>reportat</strong></span> <span class='ocrx_word' id='word_1_163' title='bbox 1318 3448 1392 3543; x_wconf 84' lang='lat' dir='ltr'><strong>regi</strong></span> 
     </span>
     <span class='ocr_line' id='line_1_25' title="bbox 329 3564 1391 3664; baseline -0.002 -27"><span class='ocrx_word' id='word_1_164' title='bbox 329 3566 603 3664; x_wconf 89' lang='lat' dir='ltr'><strong>querimoniam.</strong></span> <span class='ocrx_word' id='word_1_165' title='bbox 627 3568 698 3656; x_wconf 93' lang='lat' dir='ltr'><strong>Qui</strong></span> <span class='ocrx_word' id='word_1_166' title='bbox 716 3593 754 3641; x_wconf 86' lang='lat' dir='ltr'><strong>se</strong></span> <span class='ocrx_word' id='word_1_167' title='bbox 780 3592 881 3640; x_wconf 88' lang='lat' dir='ltr'><strong>casso</strong></span> <span class='ocrx_word' id='word_1_168' title='bbox 904 3565 1029 3639; x_wconf 88' lang='lat' dir='ltr'><strong>labore</strong></span> <span class='ocrx_word' id='word_1_169' title='bbox 1048 3565 1140 3638; x_wconf 89' lang='lat' dir='ltr'><strong>adeo</strong></span> <span class='ocrx_word' id='word_1_170' title='bbox 1159 3564 1391 3661; x_wconf 80' lang='lat' dir='ltr'><strong>defatigatum</strong></span> 
     </span>
     <span class='ocr_line' id='line_1_26' title="bbox 331 3680 1389 3784; baseline -0.003 -31"><span class='ocrx_word' id='word_1_171' title='bbox 331 3680 541 3779; x_wconf 83' lang='lat' dir='ltr'><strong>dedignans,</strong></span> <span class='ocrx_word' id='word_1_172' title='bbox 571 3683 721 3757; x_wconf 91' lang='lat' dir='ltr'><strong>collecto</strong></span> <span class='ocrx_word' id='word_1_173' title='bbox 750 3685 868 3784; x_wconf 92' lang='lat' dir='ltr'><strong>primo</strong></span> <span class='ocrx_word' id='word_1_174' title='bbox 900 3682 1018 3757; x_wconf 92' lang='lat' dir='ltr'><strong>multo</strong></span> <span class='ocrx_word' id='word_1_175' title='bbox 1049 3682 1187 3780; x_wconf 87' lang='lat' dir='ltr'><strong>majore</strong></span> <span class='ocrx_word' id='word_1_176' title='bbox 1219 3680 1389 3769; x_wconf 85' lang='lat' dir='ltr'><strong>exercitu,</strong></span> 
     </span>
     <span class='ocr_line' id='line_1_27' title="bbox 332 3796 1393 3900; baseline -0.001 -31"><span class='ocrx_word' id='word_1_177' title='bbox 332 3812 461 3871; x_wconf 91' lang='lat' dir='ltr'><strong>terram</strong></span> <span class='ocrx_word' id='word_1_178' title='bbox 483 3802 613 3900; x_wconf 90' lang='lat' dir='ltr'><strong>repetit</strong></span> <span class='ocrx_word' id='word_1_179' title='bbox 627 3799 876 3873; x_wconf 80' lang='lat' dir='ltr'><strong>Alvernorum.</strong></span> <span class='ocrx_word' id='word_1_180' title='bbox 905 3802 1055 3897; x_wconf 90' lang='lat' dir='ltr'><strong>lamque</strong></span> <span class='ocrx_word' id='word_1_181' title='bbox 1082 3799 1197 3896; x_wconf 84' lang='lat' dir='ltr'><strong>gravis</strong></span> <span class='ocrx_word' id='word_1_182' title='bbox 1220 3796 1393 3896; x_wconf 69' lang='lat' dir='ltr'><strong>corpore*</strong></span> 
     </span>
     <span class='ocr_line' id='line_1_28' title="bbox 334 3912 1390 4017; baseline -0.001 -30"><span class='ocrx_word' id='word_1_183' title='bbox 334 3930 369 3987; x_wconf 90' lang='lat' dir='ltr'><strong>et</strong></span> <span class='ocrx_word' id='word_1_184' title='bbox 387 3941 527 3991; x_wconf 81' lang='lat' dir='ltr'><strong>carneae</strong></span> <span class='ocrx_word' id='word_1_185' title='bbox 542 3916 781 4017; x_wconf 86' lang='lat' dir='ltr'><strong>spissitudinis</strong></span> <span class='ocrx_word' id='word_1_186' title='bbox 806 3915 903 3991; x_wconf 89' lang='lat' dir='ltr'><strong>mole</strong></span> <span class='ocrx_word' id='word_1_187' title='bbox 927 3916 1168 4017; x_wconf 90' lang='lat' dir='ltr'><strong>ponderosus,</strong></span> <span class='ocrx_word' id='word_1_188' title='bbox 1194 3940 1278 3989; x_wconf 93' lang='lat' dir='ltr'><strong>cum</strong></span> <span class='ocrx_word' id='word_1_189' title='bbox 1299 3912 1390 3986; x_wconf 90' lang='lat' dir='ltr'><strong>alius</strong></span> 
     </span>
    </p>
   </div>
   <div class='ocr_carea' id='block_1_3' title="bbox 335 4033 1391 4135">
    <p class='ocr_par' dir='ltr' id='par_1_4' title="bbox 335 4033 1391 4135">
     <span class='ocr_line' id='line_1_29' title="bbox 335 4033 1391 4135; baseline -0.027 -1"><span class='ocrx_word' id='word_1_190' title='bbox 335 4033 512 4130; x_wconf 61' lang='lat' dir='ltr'><strong>(llffllbels</strong></span> <span class='ocrx_word' id='word_1_191' title='bbox 535 4058 673 4135; x_wconf 72' lang='lat' dir='ltr'><strong>Pauper</strong></span> <span class='ocrx_word' id='word_1_192' title='bbox 695 4037 816 4132; x_wconf 91' lang='lat' dir='ltr'><strong>etiam,</strong></span> <span class='ocrx_word' id='word_1_193' title='bbox 832 4050 931 4109; x_wconf 86' lang='lat' dir='ltr'><strong>tanta</strong></span> <span class='ocrx_word' id='word_1_194' title='bbox 948 4035 1111 4135; x_wconf 89' lang='lat' dir='ltr'><strong>corporis</strong></span> <span class='ocrx_word' id='word_1_195' title='bbox 1131 4033 1322 4135; x_wconf 88' lang='lat' dir='ltr'><strong>periculosi</strong></span> <span class='ocrx_word' id='word_1_196' title='bbox 1339 4033 1391 4106; x_wconf 91' lang='lat' dir='ltr'><strong>in·</strong></span> 
     </span>
    </p>
   </div>
   <div class='ocr_carea' id='block_1_4' title="bbox 373 4324 1254 4593">
    <p class='ocr_par' dir='ltr' id='par_1_5' title="bbox 373 4324 1254 4593">
     <span class='ocr_line' id='line_1_30' title="bbox 373 4324 1060 4407; baseline 0.006 -24"><span class='ocrx_word' id='word_1_197' title='bbox 373 4328 403 4388; x_wconf 79' lang='lat'><strong>1.</strong></span> <span class='ocrx_word' id='word_1_198' title='bbox 417 4324 501 4383; x_wconf 83' lang='lat' dir='ltr'><strong>Nunc</strong></span> <span class='ocrx_word' id='word_1_199' title='bbox 515 4327 786 4389; x_wconf 53' lang='lat' dir='ltr'><strong>pomata-caerem</strong></span> <span class='ocrx_word' id='word_1_200' title='bbox 799 4326 1060 4407; x_wconf 73' lang='lat' dir='ltr'><strong>(Pur-de·D6mc).</strong></span> 
     </span>
     <span class='ocr_line' id='line_1_31' title="bbox 376 4418 1254 4503; baseline 0.003 -26"><span class='ocrx_word' id='word_1_201' title='bbox 376 4422 404 4478; x_wconf 70' lang='grc' dir='ltr'><strong>Ξ.</strong></span> <span class='ocrx_word' id='word_1_202' title='bbox 416 4422 568 4478; x_wconf 72' lang='lat' dir='ltr'><strong>Adducunt</strong></span> <span class='ocrx_word' id='word_1_203' title='bbox 578 4419 648 4485; x_wconf 82' lang='lat' dir='ltr'><strong>adit.</strong></span> <span class='ocrx_word' id='word_1_204' title='bbox 663 4422 766 4484; x_wconf 87' lang='lat' dir='ltr'><strong>Germ.</strong></span> <span class='ocrx_word' id='word_1_205' title='bbox 778 4456 819 4471; x_wconf 88' lang='lat'>-</span> <span class='ocrx_word' id='word_1_206' title='bbox 839 4426 869 4485; x_wconf 86' lang='grc'><strong>3.</strong></span> <span class='ocrx_word' id='word_1_207' title='bbox 883 4422 970 4503; x_wconf 75' lang='lat' dir='ltr'><strong>Apud</strong></span> <span class='ocrx_word' id='word_1_208' title='bbox 980 4420 1102 4493; x_wconf 85' lang='lat' dir='ltr'><strong>Freher,</strong></span> <span class='ocrx_word' id='word_1_209' title='bbox 1115 4418 1254 4498; x_wconf 80' lang='lat' dir='ltr'><strong>perfidia.</strong></span> 
     </span>
     <span class='ocr_line' id='line_1_32' title="bbox 379 4516 687 4593; baseline 0.016 -20"><span class='ocrx_word' id='word_1_210' title='bbox 379 4516 407 4577; x_wconf 79' lang='lat' dir='ltr'><strong>l.</strong></span> <span class='ocrx_word' id='word_1_211' title='bbox 421 4516 564 4593; x_wconf 74' lang='lat' dir='ltr'><strong>corporea</strong></span> <span class='ocrx_word' id='word_1_212' title='bbox 577 4517 687 4578; x_wconf 77' lang='lat' dir='ltr'><strong>tarro.</strong></span> 
     </span>
    </p>
   </div>
   <div class='ocr_carea' id='block_1_5' title="bbox 0 0 1893 5667">
    <p class='ocr_par' dir='ltr' id='par_1_6' title="bbox 0 0 1893 5667">
     <span class='ocr_line' id='line_1_33' title="bbox 0 0 1893 5667; baseline 0 0"><span class='ocrx_word' id='word_1_213' title='bbox 0 0 1893 5667; x_wconf 95' lang='lat' dir='ltr'><strong> </strong></span> 
     </span>
    </p>
   </div>
  </div>
 </body>
</html>
