3742 5667
489 777 547 832 328
707 777 869 834 oeuvnts
890 767 1104 834 cotttttttts
1125 775 1176 831 DE
1196 774 1330 832 sucta.

490 907 635 978 trictum
672 905 835 978 iudicem
873 905 1138 1000 accingamus¹;
1173 917 1210 975 et
1236 904 1550 1002 quemadmodum

489 1021 566 1118 ejus
581 1021 826 1120 presentibus,
843 1028 892 1094 ita
918 1037 955 1094 et
974 1021 1101 1094 laturis
1124 1021 1460 1119 comparticipantes
1483 1021 1550 1096 be·

488 1137 637 1233 neficiis,
661 1140 786 1211 saltem
806 1138 961 1236 aliquam
985 1135 1365 1210 beatitudinisoeternae
1379 1139 1550 1212 extremi-

490 1268 601 1327 tatem
620 1278 722 1326 secus
742 1253 852 1352 pedes
874 1253 1012 1326 domini
1031 1277 1074 1325 ac
1095 1253 1252 1348 magistri
1271 1256 1384 1326 nostri
1400 1253 1551 1328 feliciter

489 1368 729 1440 obtineamus.
754 1374 798 1440 Et
815 1370 987 1468 quoniam
1009 1370 1135 1441 fratres
1152 1370 1278 1460 nostri,
1301 1383 1472 1468 tauquam
1490 1395 1550 1444 ca-

491 1485 621 1557 rissimi
640 1483 702 1556 filii
718 1485 1046 1575 mandatisnostris
1061 1485 1284 1574 obedientes,
1300 1499 1373 1558 tam
1389 1511 1426 1558 se
1440 1511 1549 1584 quam

492 1623 713 1673 successores
736 1625 819 1673 suos
842 1599 928 1674 huic
952 1599 1125 1675 secuudo’
1144 1601 1286 1672 servitio
1312 1601 1548 1696 devoverunt,

492 1717 614 1814 eisque
643 1714 704 1818 [etl
734 1716 996 1790 successoribus
1023 1718 1095 1788 suis
1125 1741 1190 1815 per
1213 1719 1377 1789 omnium
1410 1743 1551 1792 succes·

492 1833 630 1904 sionem
647 1848 853 1932 temporum
869 1834 970 1905 omui
981 1830 1224 1925 hebdomada,
1241 1833 1278 1905 in
1294 1833 1379 1932 ipsis
1390 1832 1549 1908 celeber·

492 1947 591 2022 rimis
606 1950 866 2022 memoriarum
880 1965 1084 2022 sanctarum
1093 1947 1233 2039 diebus,
1249 1948 1323 2020 sive
1336 1973 1395 2020 eas
1404 1949 1549 2042 saciant,

494 2065 567 2138 sive
587 2064 840 2138 convenienter
855 2064 1043 2136 occasione
1058 2063 1205 2160 alicujus
1221 2063 1406 2160 praecipuae
1422 2062 1552 2136 solem·

495 2182 615 2255 nitatis
633 2179 840 2276 Vigiliarum
856 2193 919 2252 aut
934 2179 1221 2276 Quadragesimae
1236 2192 1390 2270 mutent,
1407 2179 1554 2254 cotidia-

497 2322 585 2371 num
616 2321 676 2368 sex
718 2293 915 2369 solidorum
950 2295 1131 2392 generale⁸
1159 2309 1315 2393 quatuor
1344 2291 1486 2382 solidis,
1516 2312 1555 2370 ut

497 2413 623 2486 decem
632 2410 733 2498 liant,
752 2410 800 2483 ad
814 2409 1043 2482 relectionem
1065 2413 1210 2482 eorum‘
1221 2424 1507 2506 augmentamus,
1519 2427 1555 2486 et

497 2541 769 2624 augmentatum
795 2550 861 2625 per
886 2529 1002 2596 Deum
1028 2526 1315 2623 omnipotentem
1343 2541 1380 2598 et
1405 2525 1554 2599 districti

494 2643 619 2743 judicii
644 2640 840 2715 terribilem
863 2642 1162 2715 examinationem
1192 2666 1402 2742 permanere
1428 2641 1557 2715 indeli-

498 2759 633 2831 cienter
643 2757 1031 2853 obtestamur.Neergo
1041 2756 1189 2855 alicujus
1203 2757 1389 2832 occasione
1404 2758 1559 2831 avaritia

499 2872 692 2972 aliquando
705 2874 876 2971 sopiatur,
893 2897 936 2946 ex
949 2873 992 2945 iis
1004 2898 1083 2971 quae
1102 2889 1227 2947 nostro
1240 2889 1464 2970 augmentata
1475 2889 1560 2946 sunt

501 2981 638 3082 labore,
656 2989 822 3062 videlicet
834 2989 879 3061 de
890 2988 1061 3088 pedagico
1074 2989 1174 3087 quod
1187 2991 1223 3062 in
1235 2993 1351 3063 Strata
1365 2988 1557 3084 colligitur,

502 3104 628 3177 decem
650 3104 760 3178 libras
783 3119 820 3177 et
846 3103 973 3178 decem
998 3103 1132 3178 solidos
1156 3105 1191 3176 in
1224 3103 1312 3178 seria
1333 3105 1497 3203 septima,
1517 3129 1559 3176 ex

502 3219 702 3293 redditibus
717 3221 846 3293 nostris
867 3218 915 3292 de
940 3218 1135 3292 Vilcassino
1152 3236 1188 3293 et
1204 3211 1352 3293 decimis
1367 3243 1388 3290 a
1404 3219 1559 3316 glorioso

504 3359 586 3429 rege
605 3339 823 3408 Francorum
844 3335 1026 3407 Ludovico
1045 3336 1239 3426 concessis,
1258 3350 1294 3408 et
1309 3335 1560 3408 constituimus

503 3466 539 3523 et
566 3449 834 3524 confirmamus.
862 3455 1033 3522 Praeterea
1053 3452 1119 3522 Dei
1137 3452 1394 3551 omnipotentis
1414 3451 1560 3523 servitio

504 3565 727 3664 fratrumque
758 3580 967 3639 nostrorum
999 3566 1270 3639 sustentationi‘
1292 3565 1384 3638 bene
1410 3565 1556 3656 devoti,

495 3682 717 3775 ¹transitoriis
744 3697 874 3754 aeterna
904 3681 1197 3769 commercando,
1239 3683 1274 3754 in
1316 3684 1562 3782 compassione

505 3797 671 3869 laborum
683 3812 718 3869 et
731 3796 975 3870 consolatione
982 3822 1121 3884 corum,
1130 3798 1304 3896 quasdam
1320 3797 1562 3870 solemnitates

505 3912 750 3987 honorabilius
778 3929 815 3987 et
845 3914 950 3987 solito
981 3915 1143 3988 devotius
1172 3913 1342 3987 celebrari
1374 3912 1564 4014 dupliciter

547 4147 574 4203 l.
591 4146 772 4220 Attingamus
784 4140 854 4201 edit.
866 4141 972 4202 (ihesu.

545 4239 575 4298 2.
593 4237 720 4297 &cundo
731 4234 812 4294 deest
823 4233 853 4298 iu
863 4235 964 4295 eadem
982 4235 1052 4294 edit.

547 4333 576 4391 3.
595 4332 739 4401 cenerati,
752 4326 838 4401 mali,
853 4328 953 4388 eadem
968 4327 1039 4389 edit.

548 4427 578 4482 t.
592 4429 696 4484 Eorum
712 4420 849 4482 omissum
861 4421 892 4482 in
909 4422 1020 4486 eadem.

548 4522 576 4581 tt.
590 4523 837 4593 Sustentau'onem,
852 4519 1003 4594 mendose,
1018 4516 1089 4579 edit.
1102 4516 1232 4581 Dubleti.
