3742 5667
483 798 541 857 rua
584 753 592 770 ’
702 800 864 859 mornas
884 780 1097 857 conaturus
1118 780 1169 853 or
1189 796 1321 855 soom.

814 1070 874 1138 ΧΙ.
902 1072 956 1138 De
980 1064 1228 1138 Monarviltzt

534 1296 698 1370 Succedit
724 1312 760 1369 et
782 1296 850 1370 alia
873 1323 989 1398 prope
1012 1297 1111 1370 illam
1129 1297 1225 1370 beati
1252 1297 1414 1395 Dionysii
1438 1293 1563 1386 villa,

486 1438 565 1511 qnae
574 1412 705 1485 dieitur
722 1412 944 1505 Monarvilla,
954 1412 1038 1485 villa
1047 1414 1211 1486 omnium
1225 1412 1318 1486 facta
1330 1413 1561 1500 miserrima,

485 1553 564 1627 quac
580 1527 648 1601 sub
662 1529 751 1625 jugo
767 1530 874 1601 castri
890 1528 1092 1601 Merevillae’
1107 1528 1317 1602 conculcata
1333 1554 1407 1602 non
1427 1529 1564 1599 minus

486 1670 596 1743 quam
621 1649 900 1718 Sarracenorum
926 1644 1155 1743 depressione
1182 1644 1430 1730 mendicabat;
1463 1668 1561 1717 cum

487 1760 648 1857 ejusdem
675 1762 779 1834 castri
804 1760 987 1852 dominus,
1013 1761 1335 1860 quotienscumque
1359 1760 1485 1851 vellet,
1516 1760 1559 1831 in

488 1875 613 1949 eadem
630 1877 832 1977 hospicium
851 1902 934 1950 cum
961 1876 1250 1976 quibuscumque
1270 1857 1376 1949 vellet
1391 1892 1556 1975 raperet,

488 1992 705 2065 rusticorum
720 1992 816 2065 bona
833 1994 944 2093 pleno
963 2018 1024 2066 ore
1045 1994 1246 2085 devoraret,
1268 1992 1402 2065 talliam
1429 2008 1465 2064 et
1486 2016 1559 2064 an-

489 2134 624 2182 nonam
642 2124 804 2207 tempore
823 2112 947 2182 messis
965 2134 1034 2209 pro
1051 2108 1312 2183 consuetudine
1336 2123 1554 2209 asportaret,

491 2224 637 2321 lignaria
652 2252 716 2300 sua
735 2225 792 2298 bis
807 2241 869 2300 aut
884 2242 939 2299 ter
952 2227 989 2298 in
1011 2251 1107 2299 anno
1124 2250 1354 2298 carrucarum
1371 2226 1462 2298 villae
1482 2224 1558 2299 dis-

491 2342 848 2440 pendioaggregaret,
860 2367 1069 2442 porcorum,
1079 2366 1268 2439 agnorum,
1288 2366 1466 2433 anserum,
1484 2342 1557 2437 gal-

492 2456 659 2551 linarum,
678 2458 925 2558 importabiles
950 2482 1109 2557 quasque
1125 2458 1304 2532 molestias
1324 2483 1391 2557 pro
1407 2482 1557 2530 consue·

494 2572 618 2648 tudine
635 2573 787 2647 tolleret.
800 2579 888 2662 Quae
903 2600 988 2647 cum
1004 2588 1103 2647 tanta
1118 2574 1349 2673 oppressione
1363 2599 1427 2673 per
1439 2574 1555 2645 multa

494 2704 659 2788 tempora
671 2692 708 2762 in
728 2689 957 2763 solitudinem
971 2690 1044 2764 iere
1050 2691 1126 2789 jam
1141 2690 1374 2787 redigeretur,
1386 2690 1557 2799 apdacter

495 2806 670 2896 resistere,
687 2822 722 2879 et
740 2805 920 2878 molestias
935 2806 1143 2904 hujusmodi
1159 2804 1205 2878 ab
1216 2804 1421 2878 haereditate
1435 2821 1556 2878 sancta

496 2935 701 2993 constanter
728 2922 962 2995 exterminare
989 2921 1177 3021 elegimus,
1205 2924 1368 3020 Cumque
1402 2946 1486 2993 eum
1518 2923 1556 2993 in

496 3061 641 3109 causam
657 3036 889 3126 traheremus,
904 3052 941 3109 et
953 3038 1027 3136 ipse
1038 3037 1106 3110 sibi
1116 3038 1199 3133 jure
1209 3036 1435 3111 haereditario
1449 3036 1559 3136 patris

497 3167 533 3224 et
544 3153 601 3224 avi
611 3169 719 3251 atque
730 3154 823 3225 atavi
833 3154 1109 3227 consuetudines
1121 3152 1198 3226 illas
1209 3168 1405 3245 excusaret,
1416 3153 1462 3225 ad
1472 3153 1556 3241 hoc,

497 3267 626 3341 auxilio
642 3269 723 3358 Dei,
745 3284 780 3342 ct
798 3270 989 3342 hominum
1004 3286 1112 3368 atque
1128 3271 1326 3341 amicorum
1348 3286 1558 3341 nostrorum

499 3383 661 3473 consilio,
680 3409 737 3457 res
753 3387 937 3483 processit,
950 3385 1049 3482 quod
1062 3390 1165 3481 Hugo
1182 3387 1289 3457 castri
1306 3382 1488 3471 dominus,
1506 3386 1557 3455 la-

500 3524 587 3571 vore
605 3499 766 3597 conjugis
781 3516 817 3572 et
834 3500 1004 3593 liliorum,
1018 3525 1163 3572 assensu
1176 3500 1314 3573 domini
1330 3500 1423 3596 regis
1441 3500 1558 3572 Ludo-

503 3614 582 3706 vici,
599 3639 619 3687 a
641 3640 715 3713 quo
733 3640 772 3687 se
791 3614 924 3687 habere
941 3615 1096 3705 dicebat,
1115 3616 1221 3688 beato
1237 3616 1410 3714 Dionysio
1426 3618 1463 3688 in
1478 3640 1559 3715 per-

501 3746 652 3829 petuum
686 3755 812 3803 omnes
840 3732 990 3804 omnino
1023 3731 1320 3819 consuetudines,
1357 3733 1561 3829 injustitiam

502 3874 603 3920 suam
617 3848 921 3944 recognoscendo,
935 3847 1119 3937 relaxavit,
1131 3848 1279 3940 remisit,
1296 3872 1407 3919 manu
1417 3851 1562 3948 propria

498 3962 734 4060 jurejurando
761 3964 951 4061 abjuravit,
975 3964 1065 4037 sicut
1087 3964 1228 4062 plenius
1250 3966 1286 4036 in
1312 3981 1409 4037 carta
1424 3965 1563 4037 domini

504 4081 596 4176 regis
611 4080 784 4153 Ludovici
793 4080 984 4153 invenitur.
999 4084 1070 4153 Nos
1076 4096 1209 4171 autem,
1223 4080 1270 4152 ad
1280 4081 1355 4178 ejus
1361 4080 1563 4153 hominium

505 4196 658 4271 ecclesiae
673 4212 803 4271 nostrae
820 4195 1064 4286 retinendum,
1077 4195 1169 4270 duos
1182 4198 1408 4295 Stampenses
1423 4198 1565 4270 modios

547 4434 577 4489 l.
598 4426 692 4505 Vulgo
711 4430 901 4486 Monnem‘lte
915 4422 1169 4504 (Setae-ee-ooe).

546 4528 576 4585 2.
600 4525 758 4593 Μένένὶἱὶι,
769 4519 854 4601 juxte
871 4520 1005 4581 eumdem
1019 4518 1127 4584 locum.
