3742 5667
445 850 517 906 SUR
537 848 608 905 SON
630 846 948 905 numinisrnnrlon
967 849 1183 907 enuntians.
1286 854 1346 911 tut

303 978 650 1068 busconvocavimus,
669 978 746 1077 qui¹
761 993 798 1051 et
810 977 998 1077 diligenter
1017 996 1054 1054 et
1071 1006 1213 1055 morose
1231 982 1346 1056 fabri·

303 1096 404 1173 cando
434 1121 580 1170 crucem
616 1094 860 1170 venerabilem
899 1097 1059 1197 ipsarum
1096 1100 1346 1172 ammiratione

302 1238 505 1314 gemmarum
516 1228 612 1285 retro
623 1212 840 1304 attollerent,
855 1228 892 1285 et
906 1229 1003 1305 ante,
1018 1214 1186 1287 videlicet
1198 1216 1235 1288 in
1252 1240 1346 1288 con-

301 1347 408 1431 spectu
436 1329 667 1404 sacrificantis
696 1328 909 1423 sacerdotis,
936 1329 1177 1403 adorandam'
1199 1332 1346 1405 Domini

299 1446 474 1519 Salvatoris
501 1447 695 1543 imaginem
723 1446 762 1517 in
779 1447 1029 1520 recordatione
1057 1448 1231 1546 passionis
1268 1448 1344 1546 ejus

299 1580 454 1660 tanqmm
479 1578 515 1636 et
535 1562 656 1635 adhuc
679 1561 876 1661 patientem
902 1562 941 1634 in
972 1588 1079 1636 cruce
1108 1579 1342 1637 ostentarent.

297 1678 420 1752 Eodem
436 1703 521 1751 sane
538 1677 755 1751 looobeatus
767 1678 960 1777 Dionysius
979 1680 1182 1779 quingentis
1197 1681 1300 1753 annis
1312 1694 1349 1754 et

297 1823 333 1871 eo
347 1794 509 1895 amplius,
534 1794 742 1869 videliceta
767 1811 931 1895 tempore
954 1797 1147 1894 Dagoberti
1166 1822 1279 1896 usque
1300 1797 1347 1870 ad

294 1927 402 1984 nostra
420 1926 597 2011 tempora,
603 1914 775 2009 jacuerat.
787 1918 1096 2012 Unumjocosum,
1109 1912 1172 1986 sed
1190 1914 1344 1987 miracu·

295 2028 361 2101 lum
375 2026 497 2101 nobile
506 2030 530 2121 ⁸,
542 2027 643 2127 quod
662 2053 769 2127 super
777 2030 833 2101 his
848 2030 1007 2103 ostendit
1023 2029 1129 2104 nobis
1149 2030 1346 2118 Dominus,

293 2142 351 2215 sub
371 2142 515 2217 silentio
532 2144 712 2244 praeterire
733 2144 916 2219 nolumus.
944 2149 1036 2219 Cum
1056 2144 1154 2219 enim
1172 2144 1349 2217 haererem

293 2258 428 2356 penuria
443 2283 685 2355 gemmarum,
709 2284 776 2333 nec
798 2285 907 2359 super
927 2260 1000 2335 boc
1022 2259 1242 2334 sufficienter
1256 2258 1348 2333 mihi

292 2373 472 2473 providere
494 2375 651 2450 valerem
669 2375 816 2478 (raritas
842 2378 940 2451 enim
967 2402 1027 2453 eas
1044 2379 1199 2451 cariores
1224 2376 1341 2475 lacit),

292 2516 365 2564 ecce
383 2489 544 2565 duorum
565 2492 737 2566 ordinum
766 2492 877 2565 trium
901 2492 1148 2586 abbatiarum,
1177 2490 1347 2565 videlicet

292 2606 500 2681 Cistellensis
513 2622 548 2680 et
561 2608 707 2681 alterius
718 2606 871 2682 abbatiae
886 2609 1048 2707 ejusdem
1059 2608 1198 2682 ordinis
1213 2622 1249 2680 et
1258 2612 1349 2679 Fon·

290 2725 329 2795 tis
342 2721 508 2815 Ebraldi,
523 2724 742 2797 camerulam
758 2738 918 2798 nostram
943 2725 1100 2797 ecclesiae
1115 2723 1349 2796 inhaerentem

289 2839 467 2933 intrantes,
487 2865 711 2937 gemmarum
728 2842 885 2941 copiam,
907 2840 1074 2913 videlicet
1092 2840 1345 2937 jacinctorum,

289 2954 526 3054 saphirorum,
555 2956 782 3050 rubetornm,
809 2955 1088 3054 smaragdinum,
1109 2957 1347 3056 topaziorum,

288 3090 454 3172 quantam
467 3100 531 3175 per
546 3076 761 3150 decennium
771 3076 933 3150 invenire
942 3076 1093 3150 minime
1101 3074 1347 3175 sperabamuS,

287 3190 474 3265 emendam
491 3192 596 3265 nobis
614 3192 836 3267 obtulerunt.
850 3192 922 3282 Qui
937 3208 1059 3265 autem
1074 3215 1133 3263 eas
1149 3190 1347 3280 habebant,

285 3308 449 3381 acomite
461 3308 671 3383 Theobaldo
681 3309 748 3382 sub
766 3309 992 3407 eleemosyna
1009 3307 1256 3397 obtinuerant,
1287 3304 1351 3403 qui

286 3445 305 3493 a
320 3408 496 3497 thesauris
510 3425 677 3499 avunculi
700 3426 756 3499 sui
773 3426 866 3523 regis
883 3425 1028 3498 Henrici
1050 3423 1233 3515 defuncti,
1261 3446 1351 3519 quas

285 3537 318 3609 in
334 3538 564 3615 mirabilibus
580 3542 706 3641 cuppis
721 3555 799 3615 toto
816 3556 980 3641 tempore
993 3539 1076 3613 vitoe
1088 3564 1159 3611 suae
1168 3560 1352 3633 congesse-

285 3669 355 3747 rat,
376 3680 446 3755 per
464 3682 610 3731 manum
624 3658 797 3758 Stephani
820 3658 939 3730 fratris
956 3656 1011 3728 sui
1031 3656 1124 3751 regis
1143 3652 1273 3750 anglici
1291 3677 1348 3724 re·

285 3788 438 3869 ceperat.
458 3777 530 3847 Nos
546 3789 669 3846 antem
692 3798 805 3848 onere
823 3772 1111 3873 querendarum⁴
1124 3792 1349 3867 gemmarum

285 3890 477 3980 exonerati,
501 3890 630 3988 gratias
652 3894 730 3964 Deo
753 3890 960 3982 referentes,
989 3903 1117 3988 quater
1140 3900 1287 3959 centnm
1305 3882 1351 3959 li·

284 4000 377 4097 bras,
396 4030 483 4079 cum
500 4007 580 4107 plus
603 4008 687 4081 satis
702 4008 875 4102 valerent,
901 4032 971 4107 pro
996 4005 1047 4079 eis
1071 4003 1249 4078 dedimus.

330 4124 403 4195 Nec
419 4147 479 4197 eas
489 4124 620 4220 solum,
629 4149 758 4200 verum
770 4124 879 4201 etiam
892 4122 1044 4199 multam
1053 4136 1089 4195 et
1100 4134 1350 4221 sumptuosam

325 4401 354 4456 t.
368 4403 433 4477 (too
442 4399 516 4462 odit.
532 4400 651 4476 chon,
661 4403 713 4466 scd
729 4400 876 4465 mendose.

324 4493 353 4549 2.
372 4496 558 4553 Adorondam
571 4493 638 4555 cod.
655 4514 708 4555 ms.
727 4526 767 4541 -
784 4496 835 4557 Aa
850 4495 1008 4553 arnaudum
1018 4488 1089 4556 edit.
1101 4491 1207 4553 chesn.

348 4628 357 4644 .
378 4584 484 4648 Nobile
500 4592 668 4646 miraculum
681 4586 750 4647 edd.
841 4597 845 4603 ’
