<?xml version="1.0" encoding="UTF-8"?>
<!DOCTYPE html PUBLIC "-//W3C//DTD XHTML 1.0 Transitional//EN"
    "http://www.w3.org/TR/xhtml1/DTD/xhtml1-transitional.dtd">
<html xmlns="http://www.w3.org/1999/xhtml" xml:lang="en" lang="en">
 <head>
  <title>
</title>
<meta http-equiv="Content-Type" content="text/html;charset=utf-8" />
  <meta name='ocr-system' content='tesseract 3.04.00' />
  <meta name='ocr-capabilities' content='ocr_page ocr_carea ocr_par ocr_line ocrx_word'/>
</head>
<body>
  <div class='ocr_page' id='page_1' title='image "./oeuvrescompltes00sugegoog_0041.png"; bbox 0 0 3742 5667; ppageno 0'>
   <div class='ocr_carea' id='block_1_1' title="bbox 349 1237 1369 1356">
    <p class='ocr_par' dir='ltr' id='par_1_1' title="bbox 349 1237 1369 1356">
     <span class='ocr_line' id='line_1_1' title="bbox 349 1237 1369 1356; baseline 0.008 -10"><span class='ocrx_word' id='word_1_1' title='bbox 349 1239 504 1346; x_wconf 75' lang='lat' dir='ltr'>Vtra</span> <span class='ocrx_word' id='word_1_2' title='bbox 532 1240 841 1350; x_wconf 85' lang='lat' dir='ltr'>LUDOVICI</span> <span class='ocrx_word' id='word_1_3' title='bbox 876 1245 1105 1352; x_wconf 80' lang='lat' dir='ltr'>ultosst</span> <span class='ocrx_word' id='word_1_4' title='bbox 1137 1237 1369 1356; x_wconf 57' lang='lat' dir='ltr'>unctu.</span> 
     </span>
    </p>
   </div>
   <div class='ocr_carea' id='block_1_2' title="bbox 775 1504 952 1522">
    <p class='ocr_par' dir='ltr' id='par_1_2' title="bbox 775 1504 952 1522">
     <span class='ocr_line' id='line_1_2' title="bbox 775 1504 952 1522; baseline 0 0"><span class='ocrx_word' id='word_1_5' title='bbox 775 1504 952 1522; x_wconf 43' lang='grc' dir='ltr'><strong>ξ</strong></span> 
     </span>
    </p>
   </div>
   <div class='ocr_carea' id='block_1_3' title="bbox 430 1705 1279 1900">
    <p class='ocr_par' dir='ltr' id='par_1_3' title="bbox 430 1705 1279 1900">
     <span class='ocr_line' id='line_1_3' title="bbox 538 1705 1183 1758; baseline 0.006 -4"><span class='ocrx_word' id='word_1_6' title='bbox 538 1705 689 1756; x_wconf 75' lang='lat' dir='ltr'>INCIPIT</span> <span class='ocrx_word' id='word_1_7' title='bbox 727 1705 935 1756; x_wconf 74' lang='lat' dir='ltr'>PROLOGUS</span> <span class='ocrx_word' id='word_1_8' title='bbox 968 1707 1009 1755; x_wconf 85' lang='lat' dir='ltr'>ut</span> <span class='ocrx_word' id='word_1_9' title='bbox 1048 1708 1183 1758; x_wconf 68' lang='lat' dir='ltr'>(susm</span> 
     </span>
     <span class='ocr_line' id='line_1_4' title="bbox 430 1811 1279 1900; baseline 0.005 -21"><span class='ocrx_word' id='word_1_10' title='bbox 430 1830 624 1880; x_wconf 75' lang='lat' dir='ltr'>Luuovtct</span> <span class='ocrx_word' id='word_1_11' title='bbox 650 1831 768 1900; x_wconf 64' lang='lat' dir='ltr'>neuls</span> <span class='ocrx_word' id='word_1_12' title='bbox 792 1831 1070 1881; x_wconf 71' lang='lat' dir='ltr'><strong>COGNOMENTO</strong></span> <span class='ocrx_word' id='word_1_13' title='bbox 1097 1811 1279 1883; x_wconf 78' lang='lat' dir='ltr'>Gnossl¹.</span> 
     </span>
    </p>
   </div>
   <div class='ocr_carea' id='block_1_4' title="bbox 335 2021 1393 2814">
    <p class='ocr_par' dir='ltr' id='par_1_4' title="bbox 335 2021 1393 2468">
     <span class='ocr_line' id='line_1_5' title="bbox 379 2021 1392 2123; baseline 0.002 -29"><span class='ocrx_word' id='word_1_14' title='bbox 379 2023 536 2094; x_wconf 88' lang='lat' dir='ltr'>Domino</span> <span class='ocrx_word' id='word_1_15' title='bbox 556 2034 590 2093; x_wconf 89' lang='lat' dir='ltr'>et</span> <span class='ocrx_word' id='word_1_16' title='bbox 609 2021 717 2117; x_wconf 83' lang='lat' dir='ltr'>digne</span> <span class='ocrx_word' id='word_1_17' title='bbox 733 2021 931 2094; x_wconf 86' lang='lat' dir='ltr'>reverendo</span> <span class='ocrx_word' id='word_1_18' title='bbox 955 2024 1199 2096; x_wconf 87' lang='lat' dir='ltr'>Suessionensi</span> <span class='ocrx_word' id='word_1_19' title='bbox 1221 2025 1392 2123; x_wconf 84' lang='lat' dir='ltr'>episcopo</span> 
     </span>
     <span class='ocr_line' id='line_1_6' title="bbox 335 2136 1393 2238; baseline 0 -26"><span class='ocrx_word' id='word_1_20' title='bbox 335 2137 524 2227; x_wconf 82' lang='lat' dir='ltr'>Goslenn&#39;,</span> <span class='ocrx_word' id='word_1_21' title='bbox 548 2137 753 2232; x_wconf 80' lang='lat' dir='ltr'>Sugerius‘,</span> <span class='ocrx_word' id='word_1_22' title='bbox 780 2136 843 2208; x_wconf 84' lang='lat' dir='ltr'>uei</span> <span class='ocrx_word' id='word_1_23' title='bbox 876 2137 1044 2234; x_wconf 84' lang='lat' dir='ltr'>patientia</span> <span class='ocrx_word' id='word_1_24' title='bbox 1069 2138 1164 2211; x_wconf 89' lang='lat' dir='ltr'>beati</span> <span class='ocrx_word' id='word_1_25' title='bbox 1190 2139 1393 2238; x_wconf 77' lang='lat' dir='ltr'>ariopagitae</span> 
     </span>
     <span class='ocr_line' id='line_1_7' title="bbox 336 2251 1392 2353; baseline 0.002 -27"><span class='ocrx_word' id='word_1_26' title='bbox 336 2254 513 2350; x_wconf 84' lang='lat' dir='ltr'>Dionysii⁸</span> <span class='ocrx_word' id='word_1_27' title='bbox 532 2252 643 2324; x_wconf 82' lang='lat' dir='ltr'>abbas</span> <span class='ocrx_word' id='word_1_28' title='bbox 668 2268 832 2340; x_wconf 85' lang='lat' dir='ltr'>vocatus,</span> <span class='ocrx_word' id='word_1_29' title='bbox 863 2257 946 2323; x_wconf 86' lang='lat' dir='ltr'>Iesu</span> <span class='ocrx_word' id='word_1_30' title='bbox 963 2251 1092 2324; x_wconf 85' lang='lat' dir='ltr'>Christi</span> <span class='ocrx_word' id='word_1_31' title='bbox 1124 2255 1392 2353; x_wconf 87' lang='lat' dir='ltr'>qualiscumque</span> 
     </span>
     <span class='ocr_line' id='line_1_8' title="bbox 336 2367 1324 2468; baseline 0.001 -27"><span class='ocrx_word' id='word_1_32' title='bbox 336 2395 469 2460; x_wconf 83' lang='lat' dir='ltr'>servus,</span> <span class='ocrx_word' id='word_1_33' title='bbox 488 2370 660 2468; x_wconf 84' lang='lat' dir='ltr'>episcopo</span> <span class='ocrx_word' id='word_1_34' title='bbox 679 2369 930 2466; x_wconf 87' lang='lat' dir='ltr'>episcoporum</span> <span class='ocrx_word' id='word_1_35' title='bbox 948 2367 1196 2468; x_wconf 82' lang='lat' dir='ltr'>episcopaliter</span> <span class='ocrx_word' id='word_1_36' title='bbox 1216 2371 1324 2444; x_wconf 90' lang='lat' dir='ltr'>uniri.</span> 
     </span>
    </p>

    <p class='ocr_par' dir='ltr' id='par_1_5' title="bbox 337 2483 1393 2814">
     <span class='ocr_line' id='line_1_9' title="bbox 380 2483 1392 2582; baseline 0 -24"><span class='ocrx_word' id='word_1_37' title='bbox 380 2485 527 2558; x_wconf 82' lang='lat' dir='ltr'><strong>Confert</strong></span> <span class='ocrx_word' id='word_1_38' title='bbox 556 2508 684 2557; x_wconf 92' lang='lat' dir='ltr'>eornm</span> <span class='ocrx_word' id='word_1_39' title='bbox 714 2483 962 2557; x_wconf 72' lang='lat' dir='ltr'>deliberationi</span> <span class='ocrx_word' id='word_1_40' title='bbox 986 2498 1022 2556; x_wconf 91' lang='lat' dir='ltr'>et</span> <span class='ocrx_word' id='word_1_41' title='bbox 1040 2485 1177 2582; x_wconf 89' lang='lat' dir='ltr'>judicio</span> <span class='ocrx_word' id='word_1_42' title='bbox 1205 2499 1240 2558; x_wconf 88' lang='lat' dir='ltr'>et</span> <span class='ocrx_word' id='word_1_43' title='bbox 1269 2511 1336 2558; x_wconf 92' lang='lat' dir='ltr'>nos</span> <span class='ocrx_word' id='word_1_44' title='bbox 1358 2501 1392 2559; x_wconf 90' lang='lat' dir='ltr'>et</span> 
     </span>
     <span class='ocr_line' id='line_1_10' title="bbox 338 2599 1393 2696; baseline 0.002 -24"><span class='ocrx_word' id='word_1_45' title='bbox 338 2613 455 2672; x_wconf 89' lang='lat' dir='ltr'>nostra</span> <span class='ocrx_word' id='word_1_46' title='bbox 481 2599 615 2687; x_wconf 91' lang='lat' dir='ltr'>subici,</span> <span class='ocrx_word' id='word_1_47' title='bbox 641 2621 796 2696; x_wconf 89' lang='lat' dir='ltr'>quornm</span> <span class='ocrx_word' id='word_1_48' title='bbox 819 2599 1010 2672; x_wconf 87' lang='lat' dir='ltr'>universali</span> <span class='ocrx_word' id='word_1_49' title='bbox 1034 2599 1170 2696; x_wconf 86' lang='lat' dir='ltr'>judicio</span> <span class='ocrx_word' id='word_1_50' title='bbox 1194 2599 1337 2674; x_wconf 81' lang='lat' dir='ltr'>odibilis</span> <span class='ocrx_word' id='word_1_51' title='bbox 1358 2616 1393 2675; x_wconf 88' lang='lat' dir='ltr'>et</span> 
     </span>
     <span class='ocr_line' id='line_1_11' title="bbox 337 2714 1392 2814; baseline 0.001 -26"><span class='ocrx_word' id='word_1_52' title='bbox 337 2715 495 2788; x_wconf 80' lang='lat' dir='ltr'>amabilis</span> <span class='ocrx_word' id='word_1_53' title='bbox 511 2715 648 2788; x_wconf 86' lang='lat' dir='ltr'>diversa</span> <span class='ocrx_word' id='word_1_54' title='bbox 664 2715 812 2787; x_wconf 89' lang='lat' dir='ltr'>diversis</span> <span class='ocrx_word' id='word_1_55' title='bbox 828 2714 1113 2814; x_wconf 80' lang='lat' dir='ltr'>promulgabitur</span> <span class='ocrx_word' id='word_1_56' title='bbox 1129 2740 1290 2804; x_wconf 85' lang='lat' dir='ltr'>censura,</span> <span class='ocrx_word' id='word_1_57' title='bbox 1309 2741 1392 2790; x_wconf 90' lang='lat' dir='ltr'>cum</span> 
     </span>
    </p>
   </div>
   <div class='ocr_carea' id='block_1_5' title="bbox 338 2827 1394 3275">
    <p class='ocr_par' dir='ltr' id='par_1_6' title="bbox 338 2827 1394 3275">
     <span class='ocr_line' id='line_1_12' title="bbox 338 2827 1390 2927; baseline 0.003 -25"><span class='ocrx_word' id='word_1_58' title='bbox 338 2829 462 2902; x_wconf 76' lang='lat' dir='ltr'>nobilis</span> <span class='ocrx_word' id='word_1_59' title='bbox 484 2833 537 2902; x_wconf 83' lang='lat' dir='ltr'>vir</span> <span class='ocrx_word' id='word_1_60' title='bbox 553 2827 685 2912; x_wconf 81' lang='lat' dir='ltr'>sedebit</span> <span class='ocrx_word' id='word_1_61' title='bbox 706 2831 744 2900; x_wconf 82' lang='lat' dir='ltr'>in</span> <span class='ocrx_word' id='word_1_62' title='bbox 762 2831 881 2927; x_wconf 81' lang='lat' dir='ltr'>portis</span> <span class='ocrx_word' id='word_1_63' title='bbox 906 2855 986 2902; x_wconf 85' lang='lat' dir='ltr'>cum</span> <span class='ocrx_word' id='word_1_64' title='bbox 1012 2831 1232 2904; x_wconf 75' lang='lat' dir='ltr'>senatoribus</span> <span class='ocrx_word' id='word_1_65' title='bbox 1256 2841 1390 2905; x_wconf 76' lang='lat' dir='ltr'>terrae&#39;.</span> 
     </span>
     <span class='ocr_line' id='line_1_13' title="bbox 339 2945 1392 3045; baseline -0.001 -26"><span class='ocrx_word' id='word_1_66' title='bbox 339 2951 549 3045; x_wconf 80' lang='lat' dir='ltr'>Fapropter‚</span> <span class='ocrx_word' id='word_1_67' title='bbox 575 2946 734 3016; x_wconf 91' lang='lat' dir='ltr'>virorum</span> <span class='ocrx_word' id='word_1_68' title='bbox 762 2945 918 3044; x_wconf 88' lang='lat' dir='ltr'>optime,</span> <span class='ocrx_word' id='word_1_69' title='bbox 947 2947 1100 3018; x_wconf 64' lang='lat' dir='ltr'>etiamsi*</span> <span class='ocrx_word' id='word_1_70' title='bbox 1125 2946 1292 3020; x_wconf 82' lang='lat' dir='ltr'>cathedra</span> <span class='ocrx_word' id='word_1_71' title='bbox 1319 2968 1392 3018; x_wconf 91' lang='lat' dir='ltr'>non</span> 
     </span>
     <span class='ocr_line' id='line_1_14' title="bbox 339 3061 1394 3159; baseline 0.001 -24"><span class='ocrx_word' id='word_1_72' title='bbox 339 3061 555 3152; x_wconf 85' lang='lat' dir='ltr'>contulisset,</span> <span class='ocrx_word' id='word_1_73' title='bbox 567 3063 668 3155; x_wconf 91' lang='lat' dir='ltr'>cujus</span> <span class='ocrx_word' id='word_1_74' title='bbox 682 3073 778 3131; x_wconf 85' lang='lat' dir='ltr'>totus</span> <span class='ocrx_word' id='word_1_75' title='bbox 791 3085 871 3131; x_wconf 90' lang='lat' dir='ltr'>sum</span> <span class='ocrx_word' id='word_1_76' title='bbox 885 3062 920 3131; x_wconf 91' lang='lat' dir='ltr'>in</span> <span class='ocrx_word' id='word_1_77' title='bbox 935 3085 980 3132; x_wconf 86' lang='lat' dir='ltr'>eo</span> <span class='ocrx_word' id='word_1_78' title='bbox 992 3061 1094 3158; x_wconf 86' lang='lat' dir='ltr'>cujus</span> <span class='ocrx_word' id='word_1_79' title='bbox 1104 3075 1199 3136; x_wconf 89' lang='lat' dir='ltr'>totus</span> <span class='ocrx_word' id='word_1_80' title='bbox 1211 3087 1249 3134; x_wconf 88' lang='lat' dir='ltr'>es</span> <span class='ocrx_word' id='word_1_81' title='bbox 1263 3077 1300 3134; x_wconf 93' lang='lat' dir='ltr'>tu</span> <span class='ocrx_word' id='word_1_82' title='bbox 1312 3062 1394 3159; x_wconf 87' lang='lat' dir='ltr'>(nec</span> 
     </span>
     <span class='ocr_line' id='line_1_15' title="bbox 340 3174 1391 3275; baseline 0.002 -27"><span class='ocrx_word' id='word_1_83' title='bbox 340 3178 366 3248; x_wconf 94' lang='lat' dir='ltr'>si</span> <span class='ocrx_word' id='word_1_84' title='bbox 382 3175 460 3275; x_wconf 87' lang='lat' dir='ltr'>pius</span> <span class='ocrx_word' id='word_1_85' title='bbox 482 3177 612 3274; x_wconf 85' lang='lat' dir='ltr'>quaeris</span> <span class='ocrx_word' id='word_1_86' title='bbox 628 3174 709 3273; x_wconf 86' lang='lat' dir='ltr'>plus</span> <span class='ocrx_word' id='word_1_87' title='bbox 730 3175 875 3274; x_wconf 81' lang='lat' dir='ltr'>habeo),</span> <span class='ocrx_word' id='word_1_88' title='bbox 894 3176 1107 3248; x_wconf 86' lang='lat' dir='ltr'>serenissimi</span> <span class='ocrx_word' id='word_1_89' title='bbox 1132 3179 1222 3274; x_wconf 83' lang='lat' dir='ltr'>regis</span> <span class='ocrx_word' id='word_1_90' title='bbox 1233 3183 1391 3250; x_wconf 70' lang='lat' dir='ltr'>Franco·</span> 
     </span>
    </p>
   </div>
   <div class='ocr_carea' id='block_1_6' title="bbox 343 3418 1407 4614">
    <p class='ocr_par' dir='ltr' id='par_1_7' title="bbox 343 3418 1396 3774">
     <span class='ocr_line' id='line_1_16' title="bbox 377 3418 1395 3501; baseline -0.002 -21"><span class='ocrx_word' id='word_1_91' title='bbox 377 3425 405 3480; x_wconf 89' lang='grc'>1.</span> <span class='ocrx_word' id='word_1_92' title='bbox 427 3419 482 3479; x_wconf 84' lang='lat' dir='ltr'>flic</span> <span class='ocrx_word' id='word_1_93' title='bbox 502 3418 614 3492; x_wconf 85' lang='lat' dir='ltr'>titulus,</span> <span class='ocrx_word' id='word_1_94' title='bbox 636 3419 729 3479; x_wconf 90' lang='lat' dir='ltr'>codici</span> <span class='ocrx_word' id='word_1_95' title='bbox 750 3421 847 3479; x_wconf 73' lang='grc'><strong>13710</strong></span> <span class='ocrx_word' id='word_1_96' title='bbox 868 3421 1015 3501; x_wconf 72' lang='lat' dir='ltr'>praefixus,</span> <span class='ocrx_word' id='word_1_97' title='bbox 1041 3421 1183 3499; x_wconf 74' lang='lat' dir='ltr'>nnsanm</span> <span class='ocrx_word' id='word_1_98' title='bbox 1201 3420 1270 3480; x_wconf 90' lang='lat' dir='ltr'>alibi</span> <span class='ocrx_word' id='word_1_99' title='bbox 1290 3419 1346 3479; x_wconf 92' lang='lat' dir='ltr'>nisi</span> <span class='ocrx_word' id='word_1_100' title='bbox 1366 3418 1395 3478; x_wconf 92' lang='lat' dir='ltr'>in</span> 
     </span>
     <span class='ocr_line' id='line_1_17' title="bbox 343 3512 1391 3592; baseline -0.003 -18"><span class='ocrx_word' id='word_1_101' title='bbox 343 3514 458 3574; x_wconf 66' lang='grc' dir='ltr'>Δηὼ-οε</span> <span class='ocrx_word' id='word_1_102' title='bbox 476 3512 593 3573; x_wconf 85' lang='lat' dir='ltr'>Chesnii</span> <span class='ocrx_word' id='word_1_103' title='bbox 603 3512 729 3572; x_wconf 90' lang='lat' dir='ltr'>editione</span> <span class='ocrx_word' id='word_1_104' title='bbox 749 3512 905 3592; x_wconf 87' lang='lat' dir='ltr'>reperitur.</span> <span class='ocrx_word' id='word_1_105' title='bbox 924 3512 1091 3573; x_wconf 86' lang='lat' dir='ltr'>Recentiori</span> <span class='ocrx_word' id='word_1_106' title='bbox 1108 3526 1204 3572; x_wconf 88' lang='lat' dir='ltr'>autem</span> <span class='ocrx_word' id='word_1_107' title='bbox 1222 3533 1308 3572; x_wconf 89' lang='lat' dir='ltr'>mann</span> <span class='ocrx_word' id='word_1_108' title='bbox 1323 3533 1391 3572; x_wconf 86' lang='lat' dir='ltr'>exa·</span> 
     </span>
     <span class='ocr_line' id='line_1_18' title="bbox 343 3605 1396 3687; baseline -0.004 -21"><span class='ocrx_word' id='word_1_109' title='bbox 343 3621 400 3666; x_wconf 84' lang='lat' dir='ltr'>rata</span> <span class='ocrx_word' id='word_1_110' title='bbox 422 3607 581 3687; x_wconf 80' lang='lat' dir='ltr'>praeiemnt</span> <span class='ocrx_word' id='word_1_111' title='bbox 604 3606 666 3667; x_wconf 78' lang='lat' dir='ltr'>haec</span> <span class='ocrx_word' id='word_1_112' title='bbox 690 3605 788 3678; x_wconf 85' lang='lat' dir='ltr'>rerba,</span> <span class='ocrx_word' id='word_1_113' title='bbox 811 3606 922 3666; x_wconf 88' lang='lat' dir='ltr'>scilicet</span> <span class='ocrx_word' id='word_1_114' title='bbox 944 3613 1013 3666; x_wconf 79' lang='lat' dir='ltr'>Vua</span> <span class='ocrx_word' id='word_1_115' title='bbox 1029 3610 1162 3666; x_wconf 83' lang='lat' dir='ltr'>Ludovr‘cr&#39;</span> <span class='ocrx_word' id='word_1_116' title='bbox 1185 3611 1282 3668; x_wconf 79' lang='lat' dir='ltr'>Crassi</span> <span class='ocrx_word' id='word_1_117' title='bbox 1305 3607 1396 3664; x_wconf 88' lang='lat' dir='ltr'>codex</span> 
     </span>
     <span class='ocr_line' id='line_1_19' title="bbox 344 3697 1142 3774; baseline -0.001 -12"><span class='ocrx_word' id='word_1_118' title='bbox 344 3705 432 3773; x_wconf 73' lang='lat'><strong>6265,</strong></span> <span class='ocrx_word' id='word_1_119' title='bbox 448 3703 570 3760; x_wconf 82' lang='lat' dir='ltr'>Crom&#39;ra</span> <span class='ocrx_word' id='word_1_120' title='bbox 586 3697 699 3757; x_wconf 80' lang='lat' dir='ltr'>abbatis</span> <span class='ocrx_word' id='word_1_121' title='bbox 710 3707 809 3761; x_wconf 82' lang='lat' dir='ltr'>Sancti</span> <span class='ocrx_word' id='word_1_122' title='bbox 823 3703 957 3774; x_wconf 82' lang='lat' dir='ltr'>Dyom&#39;sr&#39;r‘</span> <span class='ocrx_word' id='word_1_123' title='bbox 967 3700 1060 3758; x_wconf 82' lang='lat' dir='ltr'>codex</span> <span class='ocrx_word' id='word_1_124' title='bbox 1074 3704 1142 3763; x_wconf 72' lang='lat'>543.</span> 
     </span>
    </p>

    <p class='ocr_par' dir='ltr' id='par_1_8' title="bbox 381 3792 1102 3855">
     <span class='ocr_line' id='line_1_20' title="bbox 381 3792 1102 3855; baseline 0 -2"><span class='ocrx_word' id='word_1_125' title='bbox 381 3799 409 3855; x_wconf 76' lang='lat'>2.</span> <span class='ocrx_word' id='word_1_126' title='bbox 430 3794 477 3854; x_wconf 88' lang='lat' dir='ltr'>Sic</span> <span class='ocrx_word' id='word_1_127' title='bbox 492 3793 524 3853; x_wconf 93' lang='lat' dir='ltr'>in</span> <span class='ocrx_word' id='word_1_128' title='bbox 536 3795 602 3853; x_wconf 92' lang='lat' dir='ltr'>cod.</span> <span class='ocrx_word' id='word_1_129' title='bbox 618 3797 696 3854; x_wconf 75' lang='lat'>5925</span> <span class='ocrx_word' id='word_1_130' title='bbox 708 3793 779 3852; x_wconf 89' lang='lat' dir='ltr'>etin</span> <span class='ocrx_word' id='word_1_131' title='bbox 791 3792 952 3854; x_wconf 71' lang='lat' dir='ltr'>chesniant</span> <span class='ocrx_word' id='word_1_132' title='bbox 964 3792 1102 3853; x_wconf 82' lang='lat' dir='ltr'>editione.</span> 
     </span>
    </p>

    <p class='ocr_par' dir='ltr' id='par_1_9' title="bbox 345 3881 1401 4062">
     <span class='ocr_line' id='line_1_21' title="bbox 381 3881 1401 3963; baseline -0.004 -15"><span class='ocrx_word' id='word_1_133' title='bbox 381 3893 410 3948; x_wconf 96' lang='grc'>3.</span> <span class='ocrx_word' id='word_1_134' title='bbox 427 3887 573 3947; x_wconf 84' lang='lat' dir='ltr'>&#39;Go&#39;slenus</span> <span class='ocrx_word' id='word_1_135' title='bbox 591 3907 641 3946; x_wconf 90' lang='lat' dir='ltr'>seu</span> <span class='ocrx_word' id='word_1_136' title='bbox 658 3881 803 3958; x_wconf 71' lang='lat' dir='ltr'>testeum,</span> <span class='ocrx_word' id='word_1_137' title='bbox 824 3885 947 3963; x_wconf 81' lang='lat' dir='ltr'>Sugen&#39;o</span> <span class='ocrx_word' id='word_1_138' title='bbox 969 3885 1168 3961; x_wconf 88' lang='lat' dir='ltr'>amicissimus,</span> <span class='ocrx_word' id='word_1_139' title='bbox 1189 3884 1401 3946; x_wconf 88' lang='lat' dir='ltr'>Suessionensis</span> 
     </span>
     <span class='ocr_line' id='line_1_22' title="bbox 345 3977 1058 4062; baseline 0 -20"><span class='ocrx_word' id='word_1_140' title='bbox 345 3982 492 4062; x_wconf 83' lang='lat' dir='ltr'>episcopus</span> <span class='ocrx_word' id='word_1_141' title='bbox 505 3979 559 4038; x_wconf 85' lang='lat' dir='ltr'>init</span> <span class='ocrx_word' id='word_1_142' title='bbox 569 3977 606 4038; x_wconf 85' lang='lat' dir='ltr'>ab</span> <span class='ocrx_word' id='word_1_143' title='bbox 618 3999 694 4038; x_wconf 86' lang='lat' dir='ltr'>anno</span> <span class='ocrx_word' id='word_1_144' title='bbox 708 3983 784 4039; x_wconf 69' lang='grc'><strong>1115</strong></span> <span class='ocrx_word' id='word_1_145' title='bbox 797 3979 834 4037; x_wconf 87' lang='lat' dir='ltr'>ad</span> <span class='ocrx_word' id='word_1_146' title='bbox 846 3997 955 4040; x_wconf 89' lang='lat' dir='ltr'>annum</span> <span class='ocrx_word' id='word_1_147' title='bbox 968 3984 1058 4042; x_wconf 79' lang='grc'><strong>1131.</strong></span> 
     </span>
    </p>

    <p class='ocr_par' dir='ltr' id='par_1_10' title="bbox 349 4071 1402 4248">
     <span class='ocr_line' id='line_1_23' title="bbox 381 4071 1402 4152; baseline -0.006 -16"><span class='ocrx_word' id='word_1_148' title='bbox 381 4080 409 4138; x_wconf 73' lang='lat' dir='ltr'>lt.</span> <span class='ocrx_word' id='word_1_149' title='bbox 429 4079 586 4152; x_wconf 73' lang='lat' dir='ltr'>Suggerius</span> <span class='ocrx_word' id='word_1_150' title='bbox 601 4077 671 4133; x_wconf 62' lang='lat'><strong>5113.</strong></span> <span class='ocrx_word' id='word_1_151' title='bbox 692 4073 738 4132; x_wconf 91' lang='lat' dir='ltr'>Sic</span> <span class='ocrx_word' id='word_1_152' title='bbox 755 4073 830 4151; x_wconf 74' lang='lat' dir='ltr'>saepi</span> <span class='ocrx_word' id='word_1_153' title='bbox 846 4071 986 4151; x_wconf 82' lang='lat' dir='ltr'>scripturn</span> <span class='ocrx_word' id='word_1_154' title='bbox 999 4092 1062 4132; x_wconf 79' lang='lat' dir='ltr'>esse</span> <span class='ocrx_word' id='word_1_155' title='bbox 1080 4072 1111 4131; x_wconf 89' lang='lat' dir='ltr'>in</span> <span class='ocrx_word' id='word_1_156' title='bbox 1124 4072 1211 4132; x_wconf 86' lang='lat' dir='ltr'>codd.</span> <span class='ocrx_word' id='word_1_157' title='bbox 1226 4090 1331 4148; x_wconf 82' lang='lat' dir='ltr'>nornen</span> <span class='ocrx_word' id='word_1_158' title='bbox 1345 4073 1402 4130; x_wconf 83' lang='lat' dir='ltr'>Su·</span> 
     </span>
     <span class='ocr_line' id='line_1_24' title="bbox 349 4167 790 4248; baseline -0.016 -18"><span class='ocrx_word' id='word_1_159' title='bbox 349 4170 413 4248; x_wconf 81' lang='lat' dir='ltr'>gerii</span> <span class='ocrx_word' id='word_1_160' title='bbox 425 4167 513 4228; x_wconf 86' lang='lat' dir='ltr'>semel</span> <span class='ocrx_word' id='word_1_161' title='bbox 529 4167 578 4226; x_wconf 85' lang='lat' dir='ltr'>hic</span> <span class='ocrx_word' id='word_1_162' title='bbox 589 4167 790 4224; x_wconf 87' lang='lat' dir='ltr'>admonemus.</span> 
     </span>
    </p>

    <p class='ocr_par' dir='ltr' id='par_1_11' title="bbox 352 4253 1406 4430">
     <span class='ocr_line' id='line_1_25' title="bbox 386 4253 1406 4335; baseline -0.001 -19"><span class='ocrx_word' id='word_1_163' title='bbox 386 4267 413 4323; x_wconf 79' lang='lat'>5.</span> <span class='ocrx_word' id='word_1_164' title='bbox 434 4265 567 4332; x_wconf 70' lang='lat' dir='ltr'>Dronr&#39;sr&#39;i</span> <span class='ocrx_word' id='word_1_165' title='bbox 586 4261 656 4328; x_wconf 77' lang='lat' dir='ltr'>5t3,</span> <span class='ocrx_word' id='word_1_166' title='bbox 672 4253 717 4314; x_wconf 89' lang='lat' dir='ltr'>hic</span> <span class='ocrx_word' id='word_1_167' title='bbox 738 4267 767 4316; x_wconf 87' lang='lat' dir='ltr'>et</span> <span class='ocrx_word' id='word_1_168' title='bbox 786 4253 857 4314; x_wconf 69' lang='lat' dir='ltr'>alias</span> <span class='ocrx_word' id='word_1_169' title='bbox 881 4255 1001 4335; x_wconf 85' lang='lat' dir='ltr'>ubique,</span> <span class='ocrx_word' id='word_1_170' title='bbox 1017 4260 1082 4315; x_wconf 85' lang='lat' dir='ltr'>cinn</span> <span class='ocrx_word' id='word_1_171' title='bbox 1102 4257 1192 4315; x_wconf 76' lang='lat' dir='ltr'>forma</span> <span class='ocrx_word' id='word_1_172' title='bbox 1208 4261 1355 4316; x_wconf 79' lang='lat' dir='ltr'>Dionr’sius</span> <span class='ocrx_word' id='word_1_173' title='bbox 1374 4257 1406 4315; x_wconf 94' lang='lat' dir='ltr'>iu</span> 
     </span>
     <span class='ocr_line' id='line_1_26' title="bbox 352 4351 1183 4430; baseline -0.013 -16"><span class='ocrx_word' id='word_1_174' title='bbox 352 4357 414 4416; x_wconf 86' lang='lat' dir='ltr'>cod.</span> <span class='ocrx_word' id='word_1_175' title='bbox 428 4357 486 4416; x_wconf 81' lang='lat'>135</span> <span class='ocrx_word' id='word_1_176' title='bbox 499 4351 677 4430; x_wconf 79' lang='lat' dir='ltr'>frequentius</span> <span class='ocrx_word' id='word_1_177' title='bbox 690 4365 835 4412; x_wconf 84' lang='lat' dir='ltr'>occurrat.</span> <span class='ocrx_word' id='word_1_178' title='bbox 1176 4355 1183 4368; x_wconf 87' lang='lat'><strong><em>‘</em></strong></span> 
     </span>
    </p>

    <p class='ocr_par' dir='ltr' id='par_1_12' title="bbox 389 4446 755 4518">
     <span class='ocr_line' id='line_1_27' title="bbox 389 4446 755 4518; baseline -0.011 -10"><span class='ocrx_word' id='word_1_179' title='bbox 389 4455 416 4511; x_wconf 81' lang='grc' dir='ltr'>ὓ.</span> <span class='ocrx_word' id='word_1_180' title='bbox 436 4446 591 4516; x_wconf 62' lang='lat' dir='ltr'>proverb„</span> <span class='ocrx_word' id='word_1_181' title='bbox 606 4465 687 4518; x_wconf 79' lang='lat' dir='ltr'>xxxi,</span> <span class='ocrx_word' id='word_1_182' title='bbox 704 4449 755 4504; x_wconf 73' lang='lat'>2³.</span> 
     </span>
    </p>

    <p class='ocr_par' dir='ltr' id='par_1_13' title="bbox 391 4537 1407 4614">
     <span class='ocr_line' id='line_1_28' title="bbox 391 4537 1407 4614; baseline -0.001 -14"><span class='ocrx_word' id='word_1_183' title='bbox 391 4544 417 4599; x_wconf 86' lang='grc'>’1.</span> <span class='ocrx_word' id='word_1_184' title='bbox 439 4545 536 4600; x_wconf 81' lang='lat' dir='ltr'>Etiam</span> <span class='ocrx_word' id='word_1_185' title='bbox 546 4539 627 4598; x_wconf 84' lang='lat' dir='ltr'>deest</span> <span class='ocrx_word' id='word_1_186' title='bbox 640 4538 670 4598; x_wconf 90' lang='lat' dir='ltr'>in</span> <span class='ocrx_word' id='word_1_187' title='bbox 684 4538 752 4602; x_wconf 89' lang='lat' dir='ltr'>cod.</span> <span class='ocrx_word' id='word_1_188' title='bbox 762 4543 832 4614; x_wconf 83' lang='grc'><strong>1311,</strong></span> <span class='ocrx_word' id='word_1_189' title='bbox 844 4551 871 4598; x_wconf 91' lang='lat' dir='ltr'>et</span> <span class='ocrx_word' id='word_1_190' title='bbox 883 4537 1173 4598; x_wconf 77' lang='lat' dir='ltr'>ineditGermanict</span> <span class='ocrx_word' id='word_1_191' title='bbox 1185 4558 1235 4599; x_wconf 85' lang='lat' dir='ltr'>seu</span> <span class='ocrx_word' id='word_1_192' title='bbox 1245 4543 1280 4600; x_wconf 89' lang='lat' dir='ltr'>P.</span> <span class='ocrx_word' id='word_1_193' title='bbox 1293 4538 1407 4599; x_wconf 86' lang='lat' dir='ltr'>Pithoei.</span> 
     </span>
    </p>
   </div>
   <div class='ocr_carea' id='block_1_7' title="bbox 0 0 1900 5667">
    <p class='ocr_par' dir='ltr' id='par_1_14' title="bbox 0 0 1900 5667">
     <span class='ocr_line' id='line_1_29' title="bbox 0 0 1900 5667; baseline 0 0"><span class='ocrx_word' id='word_1_194' title='bbox 0 0 1900 5667; x_wconf 95' lang='lat' dir='ltr'> </span> 
     </span>
    </p>
   </div>
  </div>
 </body>
</html>
