3742 5667
534 876 572 934 aa
752 851 918 932 mutans
940 855 1155 930 counimus
1176 871 1227 928 uu
1251 867 1389 928 sucas.

582 1004 690 1094 Quod
719 1027 804 1077 cum
829 1002 987 1076 clamore
1017 1000 1227 1097 refugorum
1252 998 1478 1072 accelerantis
1503 1002 1596 1098 regis

531 1122 679 1196 auribus
701 1121 928 1212 insonuisset,
950 1118 1127 1192 desiando
1152 1117 1270 1189 densae
1292 1116 1409 1190 noctis
1432 1116 1595 1190 molestia

532 1265 570 1312 se
589 1239 817 1311 demoratum
840 1235 1053 1332 dedignans,
1071 1233 1258 1307 celerrimo
1279 1231 1402 1304 insiliit
1426 1257 1540 1332 equo;
1559 1249 1598 1306 et

531 1355 688 1428 innitens
715 1353 953 1452 irrumpendo
975 1366 1117 1452 portam
1148 1349 1309 1451 praesidia
1334 1351 1405 1422 suis
1426 1349 1598 1423 audacter

532 1471 689 1565 deferre,
705 1485 808 1570 porta
824 1484 959 1562 serata,
978 1469 1133 1541 telorum
1155 1484 1192 1540 et
1212 1470 1416 1538 lancearum
1439 1482 1475 1539 et
1496 1491 1599 1539 saxo·

472 1587 473 1590 '
532 1613 615 1661 rum
631 1587 802 1683 grandine
818 1587 922 1658 cessit
935 1586 1109 1684 repulsus.
1123 1588 1206 1672 Quo
1222 1582 1439 1655 consternati
1455 1583 1596 1672 dolore,

532 1706 657 1777 iratres
681 1720 716 1777 et
735 1703 991 1799 consanguinei
1014 1703 1110 1799 capti
1138 1700 1310 1799 dapiferi,
1331 1698 1485 1798 pedibus
1506 1701 1600 1796 regis

530 1819 735 1920 provoluti:
760 1845 779 1888 a
801 1819 979 1912 Miserere,
999 1819 1180 1916 inquiunt,
1198 1816 1349 1912 gloriose
1361 1841 1436 1906 rex,
1453 1831 1600 1890 strenue

535 1967 556 2005 α
572 1961 698 2033 agens,
714 1937 886 2034 quoniam
904 1936 934 2008 si
951 1934 1128 2007 nefandus
1146 1934 1205 2006 ille
1223 1937 1327 2029 Hugo
1343 1933 1597 2027 Creciaoensis,

534 2083 552 2120 a
570 2052 684 2125 homo
707 2051 983 2152 perditissimus,
1006 2051 1156 2122 humani
1174 2049 1356 2145 sanguinis
1377 2048 1598 2140 sitibundus,

534 2197 554 2238 a
571 2167 629 2241 vel
640 2168 712 2258 huc
725 2169 883 2260 veniens,
895 2168 954 2241 vel
968 2165 1067 2240 illuc¹
1076 2167 1260 2240 abducens
1272 2166 1420 2239 fratrem
1430 2181 1600 2239 nostrum

535 2311 553 2354 a
572 2299 717 2380 tangere
729 2309 877 2382 quoquo
893 2284 1007 2356 modo
1021 2284 1193 2381 potuerit,
1202 2282 1328 2379 jugulo
1342 2283 1419 2379 ejus
1428 2283 1600 2356 citissime

536 2432 555 2469 α
574 2401 712 2473 insistet
721 2403 744 2493 ¹,
764 2426 830 2473 nec
843 2426 921 2499 quae
941 2425 1026 2474 eum
1041 2424 1149 2498 poena
1162 2413 1319 2489 maneat,
1335 2400 1365 2470 si
1378 2399 1533 2472 ferocior
1551 2401 1601 2472 le·

534 2503 553 2586 a
570 2517 756 2590 rocissimo
780 2516 897 2590 subita
919 2531 1036 2590 morte
1060 2541 1144 2588 eum
1167 2515 1370 2607 interliciat,
1398 2515 1551 2590 curabit.
1578 2548 1597 2584 s

530 2637 609 2704 Hoc
626 2634 733 2729 igitur
748 2634 878 2706 timore
892 2659 955 2706 rex
969 2633 1138 2706 citissime
1158 2647 1316 2705 castrum
1338 2633 1461 2728 cingit,
1476 2649 1598 2732 porta-

531 2775 614 2823 rum
636 2751 711 2822 vias
734 2750 918 2842 obtrudit,
941 2751 1145 2849 municipiis
1166 2765 1323 2846 quatuor
1351 2765 1414 2823 aut
1435 2751 1599 2849 quinque

531 2881 689 2940 castrum
712 2867 908 2959 concludit,
924 2882 961 2940 et
982 2868 1029 2941 ad
1048 2883 1238 2967 captorum
1261 2883 1296 2942 et
1319 2868 1454 2941 castelli
1476 2894 1600 2968 recep

529 2985 666 3057 tionem
680 2999 715 3056 et
730 2985 829 3080 regni
846 3000 882 3060 et
897 3010 1057 3084 personae
1078 3009 1227 3083 operam
1251 2984 1440 3084 impendit.
1466 2986 1598 3060 Praela-

529 3116 588 3174 tus
603 3116 725 3173 autem
738 3106 855 3199 Hugo,
875 3128 1033 3201 quorum
1047 3103 1212 3201 captione
1230 3103 1348 3200 primo
1366 3101 1595 3194 exhilaratus,

528 3216 662 3289 horum
675 3219 877 3317 ereptione⁸
886 3236 922 3292 et
936 3221 1041 3292 castri
1054 3219 1248 3291 omissione
1258 3218 1362 3292 valde
1370 3220 1594 3317 perterritus,

529 3335 704 3427 anxiatur,
727 3334 885 3427 laborat3
914 3353 951 3409 et
967 3337 1154 3434 quomodo
1168 3349 1325 3408 castrum
1348 3335 1486 3432 ingredi
1511 3363 1597 3436 pos-

528 3475 594 3552 set,
620 3460 734 3534 modo
754 3488 877 3560 eques,
895 3463 1009 3535 modo
1027 3462 1137 3562 pedes
1156 3461 1371 3535 multiformi
1382 3463 1598 3560 joculatoris

529 3593 566 3650 et
586 3580 784 3652 meretricis
809 3581 962 3653 mentito
986 3579 1196 3671 simulacro,
1224 3578 1462 3652 machinatur.
1488 3581 1598 3654 Unde

528 3719 614 3768 cum
630 3696 786 3792 quadam
797 3696 856 3770 die
865 3697 904 3769 id
913 3699 1007 3769 circa
1021 3711 1096 3770 tota
1108 3697 1184 3795 ejus
1198 3697 1366 3770 intentio*
1377 3714 1597 3792 versaretur,

528 3811 574 3884 de
600 3815 722 3885 castris
744 3814 1035 3904 animadversus,
1062 3815 1295 3887 insilientium
1326 3816 1598 3913 peremptorios

528 3929 682 4026 impetus
702 3932 874 4002 sustinere
889 3914 972 4002 non
984 3930 1119 4022 valens,
1143 3930 1265 4027 fugam
1286 3929 1435 4029 apponit
1455 3928 1593 4002 saluti:

527 4070 610 4118 cum
633 4045 752 4120 subito
777 4049 871 4136 inter
897 4047 985 4120 alios
1009 4062 1045 4120 et
1067 4062 1150 4120 ante
1173 4047 1284 4138 alios,
1308 4045 1419 4118 animi
1443 4061 1480 4118 et
1505 4046 1599 4145 equi

567 4347 594 4402 l.
620 4343 735 4400 Velluc
748 4345 858 4405 tutte.

565 4437 594 4497 2.
618 4441 739 4494 Inrisrat
746 4441 818 4520 Ι135,
833 4441 863 4498 e't
873 4440 941 4500 edd.
954 4443 1054 4502 Germ.
1068 4460 1104 4500 ac
1115 4437 1221 4502 chan.

566 4533 595 4590 3.
617 4533 778 4606 Erectione,
791 4532 877 4605 male,
893 4537 1002 4597 latio.
1011 4568 1051 4580 -
1062 4538 1228 4612 Recepte‘one
1237 4535 1305 4598 edit.
1322 4537 1421 4598 Germ.
1436 4547 1466 4594 et
1477 4535 1590 4596 Chesn.

566 4628 595 4686 l.
617 4627 742 4684 Iuventio
754 4626 822 4687 edd.
838 4630 939 4690 Germ.
954 4642 984 4688 et
1001 4629 1106 4689 chesn.
