3742 5667
429 760 487 818 tot
637 743 802 815 murras
823 746 1040 816 courtisans
1060 761 1110 817 nn
1132 759 1265 817 suom.

427 904 632 988 compactas
650 904 872 962 sacramento
897 890 1112 984 inimicitias,
1137 890 1197 963 tali
1224 916 1309 963 cum
1336 916 1380 965 eo
1397 893 1488 964 ami-

426 1006 518 1080 citioe
533 1007 745 1102 conjunctus
758 1005 900 1105 copula,
919 1004 1166 1081 fraudulentus
1179 1006 1352 1081 dissolvit.

476 1125 549 1195 Rex
563 1122 685 1219 itaque
707 1121 922 1213 Ludovicus,
940 1148 1022 1195 cum
1049 1139 1179 1195 terram
1204 1126 1432 1201 Normanniae
1448 1151 1490 1200 ca

427 1235 475 1310 de
500 1238 662 1336 partein
694 1252 885 1336 conspectu
906 1262 972 1311 suo
1011 1238 1132 1311 silere¹
1164 1239 1347 1335 coegisset,
1376 1241 1488 1315 modo

426 1352 554 1445 multa,
579 1352 689 1427 modo
704 1378 818 1453 pauca
842 1378 966 1441 manu,
988 1353 1232 1429 indifferenter
1254 1357 1387 1454 rapinis
1410 1382 1489 1431 eam

419 1468 649 1568 exponebat,
681 1482 752 1541 tam
783 1492 905 1564 regem
940 1494 1048 1567 quam
1085 1495 1168 1542 suos
1202 1470 1308 1567 longa
1337 1470 1487 1545 devexa-

429 1584 536 1656 tionis
563 1584 823 1657 consuetudine
854 1584 1003 1656 omnino
1033 1586 1269 1660 floccifaciens
1295 1587 1489 1685 vilipende-

426 1700 513 1774 bat:
542 1726 627 1773 curn
649 1701 768 1774 subito
796 1700 952 1800 quadarn
977 1701 1036 1773 die
1068 1728 1130 1775 rex
1158 1703 1303 1799 Angliae,
1332 1704 1491 1777 collectis

427 1816 624 1890 multorum
636 1816 785 1910 viribus,
802 1816 1002 1916 speculatus
1018 1818 1111 1914 regis
1122 1822 1342 1892 Francorum
1358 1820 1494 1918 impro·

428 1932 551 2005 vidam
568 1932 767 2024 audaciam,
786 1933 969 2007 ordinatas
1000 1934 1154 2007 militum
1179 1936 1272 2007 acies
1295 1936 1435 2008 occulte
1454 1936 1492 2007 in

429 2072 512 2121 etun
529 2049 665 2145 dirigit,
683 2049 877 2141 incendia⁸,
895 2050 987 2121 utin
1003 2051 1493 2123 eumextraordinarie¹insi-

429 2164 532 2251 liant,
554 2166 654 2261 ponit
672 2194 683 2256 ς
703 2166 833 2238 milites
846 2181 1015 2258 armatos,
1034 2182 1075 2237 ut
1098 2166 1227 2239 lortius
1248 2168 1490 2257 committant,

430 2275 568 2375 pedites
580 2276 727 2375 deponit
744 2305 754 2367 ;
773 2302 1001 2376 quacumque
1016 2276 1103 2350 belli
1122 2278 1261 2351 cautela
1281 2278 1349 2351 sibi
1373 2279 1493 2376 provi·

429 2393 515 2468 dere
534 2408 664 2493 potest,
684 2397 853 2489 sagaciter
874 2396 1010 2492 satagit.
1040 2398 1112 2468 Rex
1144 2413 1265 2470 autem
1292 2422 1375 2469 cum
1404 2397 1490 2486 suis,

429 2510 573 2582 nullum
592 2509 701 2609 prselii
715 2514 931 2583 constituere
949 2510 1114 2607 dignatus
1133 2527 1356 2612 apparatum,
1376 2513 1412 2585 in
1430 2537 1494 2585 eos

431 2624 622 2699 indiscrete
640 2625 702 2700 sed
725 2626 982 2701 audacissime*
1004 2627 1146 2719 evolat;
1166 2654 1248 2701 cum
1270 2629 1407 2728 priores
1427 2630 1494 2727 qui

431 2741 574 2813 dextras
597 2741 846 2841 applicuerunt
869 2742 1157 2835 vilcassinenses,
1182 2769 1266 2815 curn
1282 2744 1494 2816 Buclrardo'

433 2859 797 2931 Moumorenciacensi
820 2874 855 2931 et
879 2858 1064 2933 Guidone‘
1085 2860 1387 2950 claromontensi,
1420 2860 1495 2956 pri-

433 2998 530 3046 mam
550 2978 840 3047 Normannorum
860 2974 973 3046 aciem
991 2973 1205 3047 fortissima⁷
1226 2998 1336 3046 manu
1354 2972 1495 3045 caeden·

429 3101 500 3177 tes,
529 3112 700 3185 acampo
727 3085 1021 3176 martemirabili
1044 3086 1273 3183 fugaverunt,
1301 3101 1337 3157 et
1360 3086 1495 3185 priores

435 3206 597 3301 equitum
611 3202 704 3274 acies
716 3227 824 3301 super
836 3218 992 3275 armatos
1004 3201 1141 3300 pedites
1152 3202 1369 3275 validissima
1384 3224 1495 3272 manu

434 3320 655 3419 repulerunt.
676 3322 811 3391 Verum
825 3319 888 3417 qui
902 3343 964 3391 eos
980 3319 1081 3416 sequi
1093 3332 1351 3417 proposuerant
1372 3314 1497 3388 Franci

477 3572 507 3629 1.
528 3593 543 3621 ι
560 3571 646 3629 Siluit
670 3580 749 3623 terra
770 3569 802 3623 in
820 3579 966 3643 conspectu
990 3572 1086 3639 ejus.»
1110 3561 1176 3624 Lib.
1191 3566 1206 3621 1
1224 3561 1350 3637 Macch„
1368 3582 1392 3636 t,
1407 3566 1446 3637 3,
1467 3574 1498 3623 et

434 3657 541 3742 possim
553 3660 583 3719 in
597 3659 701 3719 nibtia.

474 3760 505 3817 2.
518 3756 554 3814 Id
567 3767 610 3815 est
624 3761 772 3831 incentiva,
786 3751 867 3812 aiunt
880 3752 1068 3812 benedictini.

474 3854 504 3910 3.
521 3848 567 3909 Sic
581 3852 659 3910 etot
673 3860 703 3908 et
715 3847 785 3908 edit.
800 3845 949 3907 Benedict.
960 3878 997 3892 ·-
1010 3848 1204 3905 Exordt'naric
1216 3843 1265 3905 alii
1279 3842 1367 3908 codd.
1383 3854 1412 3904 et
1424 3842 1492 3906 edd.

433 3979 476 3994 -
488 3947 667 4005 Eaemdinase
680 3944 789 4011 forsan,
802 3939 955 4015 subjiciunt
966 3938 1117 4003 Benedict.

475 4042 504 4101 lt.
519 4040 697 4098 Iudicemus
707 4038 898 4093 audacissime
911 4036 1021 4094 tatto.
1037 4066 1078 4078 -
1089 4028 1142 4091 Hic
1156 4043 1256 4091 narrat
1265 4029 1402 4109 sugerius
1414 4048 1494 4109 prae·

378 4167 382 4175 ·
434 4131 505 4191 lium
519 4132 588 4191 sutis
600 4130 724 4203 celebre,
739 4142 835 4189 actum
848 4128 879 4187 in
891 4126 1011 4207 planitie
1029 4140 1098 4185 tunc
1118 4130 1269 4184 Brenmula
1284 4124 1372 4196 dicta,
1390 4124 1495 4183 nostris

435 4227 505 4286 verb
518 4223 680 4285 errantibus
690 4227 879 4295 Brenueville,
895 4220 943 4280 die
962 4219 1097 4280 vicesima
1109 4219 1236 4298 augusti,
1249 4238 1326 4278 anno
1344 4221 1434 4280 1119.
1450 4218 1497 4276 Cl.

436 4320 540 4380 Order.
556 4319 685 4390 Vit.‚ed.
697 4324 739 4378 1ae
752 4321 879 4388 Preme,
893 4318 944 4388 w,
960 4318 1031 4385 356,
1047 4315 1075 4371 in
1091 4315 1177 4373 notis.

476 4419 506 4474 ll.
522 4414 675 4483 Burcardi,
690 4410 775 4483 male,
793 4413 902 4470 12710.
914 4442 956 4453 -
968 4411 1115 4467 Buccardo
1129 4412 1198 4467 135.
1284 4438 1286 4441 ·

478 4513 507 4568 (l.
522 4512 566 4570 W
565 4510 667 4565 uidone
684 4509 792 4575 tatto.
824 4538 863 4551 -·
885 4510 916 4565 7.
930 4508 1125 4563 Fortissimum
1138 4502 1179 4563 id.
1195 4504 1262 4563 cod.
