3742 5667
609 776 669 835 VIB
689 778 739 833 ΒΕ
758 776 871 836 touls
891 778 937 835 LE
963 777 1073 838 GROS.
1338 780 1375 839 93

311 910 450 999 votivo,
470 908 679 1008 reprimitur
695 922 932 1005 tyrannorum
952 908 1112 994 audacia,
1132 912 1297 1007 quotiens
1315 937 1376 986 eos

312 1024 451 1122 guerris
470 1023 627 1098 lacessiri
651 1022 775 1097 vident
797 1024 948 1118 infinite,
967 1026 1211 1123 gratulantur¹
1235 1052 1375 1129 rapere,

310 1164 490 1241 pauperes
506 1139 739 1233 confundere,
758 1139 924 1213 ecclesias
941 1141 1136 1233 destruere,
1162 1142 1376 1243 interpolata

310 1256 455 1329 licentia
475 1282 561 1356 qua,
579 1256 609 1329 si
628 1256 783 1348 liceret’,
811 1281 957 1356 semper
973 1257 1132 1331 insanius
1153 1258 1377 1333 inflamman-

311 1385 391 1463 tur;
410 1373 653 1470 malignorum
679 1373 791 1445 instar
817 1372 1027 1470 spirituum,
1048 1374 1111 1472 qui
1129 1399 1222 1471 quos
1247 1375 1376 1449 timent

310 1486 467 1585 perdere
485 1489 598 1585 magis
620 1488 815 1579 trucidant,
842 1512 934 1587 quos
954 1504 1096 1587 sperant
1119 1488 1273 1562 retinere
1295 1516 1376 1564 om·

311 1604 402 1677 nino
423 1604 561 1696 fovent,
590 1604 748 1677 fomenta
771 1603 925 1676 flammis
947 1618 1148 1703 apponunt,
1178 1620 1220 1677 ut
1238 1605 1377 1681 infinite

311 1719 498 1795 crudelius
508 1721 697 1796 devorent.

358 1836 517 1909 Thomas
538 1837 715 1935 siquidem
742 1836 789 1908 de
805 1838 941 1926 Marna,
968 1835 1080 1907 homo
1101 1833 1374 1932 perditissimus,

312 1953 498 2053 Ludovicu
510 1978 592 2050 rege
608 1951 821 2053 supradictis
834 1967 870 2025 et
883 1950 1005 2024 multis
1019 1950 1097 2023 aliis
1111 1951 1245 2047 guerris
1260 1968 1375 2026 atten-

313 2064 456 2162 dente⁸,
478 2096 611 2169 pagum
632 2069 1138 2157 laudunensemllemensem,
1160 2068 1378 2144 ambianen·

312 2182 402 2277 seni,
422 2187 572 2260 diabolo
592 2187 625 2258 ei
644 2200 887 2284 prosperante,
904 2184 988 2283 quia
1007 2182 1202 2257 stultorum
1227 2209 1377 2285 prospe·

313 2305 399 2377 ritas
411 2329 477 2376 eos
490 2302 642 2403 perdere
656 2302 853 2394 consuevit,
871 2299 1092 2397 usqueadeo
1108 2298 1376 2399 dilapidaverat,

315 2422 435 2492 lirrore
450 2421 579 2519 lupino
595 2419 845 2507 devoraverat,
867 2431 905 2488 ut
921 2440 990 2488 nec
1006 2416 1116 2509 clero,
1134 2418 1377 2493 ecclesiasticae

315 2536 461 2610 ultionis
476 2537 621 2626 timore,
638 2558 706 2607 nec
728 2531 863 2632 populo
879 2530 997 2629 aliqua
1013 2531 1234 2605 humanitate
1250 2558 1379 2633 peper-

315 2653 423 2744 oerit;
446 2655 569 2725 omnia
594 2646 789 2740 trucidans,
807 2646 929 2719 omnia
953 2646 1121 2745 perdens,
1137 2648 1244 2720 etiam
1266 2650 1377 2723 sancti

315 2768 464 2839 loannis
503 2766 747 2840 laudunensis
786 2763 1004 2835 monasterio
1052 2764 1377 2838 sanctimonialium

317 2882 404 2955 duas
431 2882 535 2954 villas
560 2880 783 2982 peroptimas
807 2878 1000 2979 eripuerit;
1018 2877 1208 2951 fortissima
1235 2878 1377 2952 castella

319 2999 529 3073 Creciacum
547 3013 583 3070 et
598 2996 863 3093 Novigentum⁸,
880 2993 975 3068 vallo
990 2992 1160 3087 mirabili,
1179 2994 1258 3069 altis
1270 2997 1379 3069 etiam

318 3114 492 3207 turribus,
507 3130 679 3211 tauquam
692 3111 853 3211 propria'
868 3110 1057 3202 munierit3
1080 3124 1114 3182 et
1129 3111 1220 3183 sicut
1254 3110 1379 3184 draco·

319 3253 408 3300 num
423 3225 543 3300 cubile
560 3240 596 3298 et
617 3224 827 3324 speluncam
848 3222 1031 3296 latronum
1054 3220 1239 3321 adaptans,
1265 3238 1377 3297 totam

320 3344 393 3415 lere
408 3358 541 3415 terram
559 3356 633 3414 tam
650 3340 784 3439 rapinis
805 3362 916 3435 quam
932 3336 1107 3409 incendiis
1125 3338 1377 3415 immisericor-

321 3458 414 3531 diter
440 3457 658 3558 exposuerit.
681 3454 790 3551 Cujus
805 3451 1024 3526 intolerabili
1042 3453 1185 3549 fatigata
1199 3456 1375 3549 molestia,

320 3600 404 3649 cum
422 3574 562 3649 sederet
589 3572 726 3645 Belvaci
752 3569 908 3667 generali
928 3586 1108 3643 conventu
1131 3570 1300 3667 gallicana
1320 3598 1376 3645 ec-

359 3752 391 3809 l.
407 3749 596 3809 Graeclanrur
613 3746 683 3817 543,
698 3744 809 3814 lello,
821 3753 851 3801 et
872 3738 941 3801 edd.
956 3742 1055 3801 Germ.
1070 3760 1104 3801 ac
1115 3740 1222 3803 Chesn.
1237 3742 1375 3821 -alias‚

322 3844 510 3922 gratulanter.

360 3938 390 3996 Ξ.
406 3934 454 3994 sic
467 3931 607 3993 editiones
617 3930 723 3994 Chesn.
736 3939 766 3990 et
779 3926 926 3989 Benedict.
945 3960 986 3977 -
1007 3934 1101 4007 Quam
1111 3936 1138 3988 sr'
1150 3931 1247 3988 liceret
1267 3948 1377 4005 semper

325 4033 380 4090 135
391 4041 422 4090 et
435 4027 507 4088 edit.
526 4028 625 4087 Germ.
639 4058 681 4070 -
691 4029 783 4103 Quam
796 4028 824 4081 εἰ
837 4043 947 4099 semper
959 4028 1057 4082 ltrerer
1072 4026 1141 4095 543,
1159 4024 1268 4094 term,
1284 4024 1376 4084 5925.

325 4152 361 4169 ·-
376 4126 478 4199 Quasi
489 4140 601 4197 semper
613 4122 709 4177 liceret
721 4118 811 4177 6265.

363 4218 393 4276 3.
407 4217 575 4272 Intenderrte
591 4216 661 4273 543.

363 4314 392 4368 4.
406 4310 490 4368 Nunc
504 4309 751 4381 θήτγ-αιι-Μοπε
762 4315 792 4362 et
806 4300 972 4362 Neorion-F
979 4300 1096 4362 Abbesse
1106 4300 1231 4385 (Alme).

363 4408 392 4463 5.
405 4399 467 4461 Etsi
472 4406 607 4479 proprias
616 4397 741 4457 habeant
752 4395 838 4456 codd.
852 4414 954 4456 omnes
964 4407 1051 4476 atque
1061 4396 1143 4475 edd.,
1150 4400 1269 4476 propria
1282 4410 1377 4460 tamen

335 4496 477 4575 egendum
487 4512 550 4554 esse
563 4511 629 4553 cnm
641 4489 833 4552 Benedictinis
842 4488 1022 4571 conjicimus.
