3742 5667
753 793 930 850 CtlnltTES.
1310 801 1363 859 ³21

314 923 398 995 villa
418 921 514 994 beati
538 922 699 1018 Dionysii
721 937 904 995 manentes
931 936 1110 996 mortuam
1134 949 1281 999 manum
1306 929 1369 1002 ba-

316 1039 473 1129 bebunt,
505 1039 644 1112 etiamsi
667 1040 904 1137 propinquior
930 1037 1056 1135 aliquis
1089 1041 1212 1134 fuerit,
1240 1045 1303 1142 qui
1336 1047 1371 1119 in

315 1172 411 1229 terra
432 1153 526 1227 beati
554 1154 715 1252 Dionysii
731 1154 787 1225 vel
811 1152 879 1225 sub
897 1155 1034 1227 viatura
1055 1155 1130 1253 ejus
1153 1159 1372 1235 mansionem

314 1273 352 1344 in
369 1270 514 1370 praeiata
531 1270 614 1342 villa
634 1271 780 1342 minime
799 1269 977 1343 habuerit.
998 1271 1034 1343 Si
1056 1271 1250 1369 aliquando
1267 1277 1373 1350 etiam

316 1387 474 1458 evenerit
499 1400 539 1458 ut
567 1385 658 1457 iilius
685 1411 764 1457 suas
792 1384 999 1458 hominibus
1025 1387 1129 1460 alieni
1153 1389 1243 1485 juris
1268 1395 1375 1466 mari·

317 1517 413 1591 tent,
439 1501 640 1572 nullatenus
666 1503 716 1572 eis
739 1514 916 1572 mortuam
949 1524 1094 1572 manum
1121 1502 1370 1599 concedimus3

317 1615 438 1689 sedin
461 1617 520 1712 jus
545 1616 706 1689 revocari
732 1617 881 1688 omniuo
908 1616 1062 1713 petimus
1085 1631 1191 1714 atque
1214 1622 1375 1720 praecipi·

315 1757 411 1804 mus.
440 1733 653 1822 Enimvero,
679 1732 770 1803 sicut
789 1731 926 1827 justum
951 1755 1026 1802 esse
1054 1732 1209 1806 evidenti
1238 1737 1376 1810 ratione

316 1847 573 1946 perpendimus
587 1848 735 1944 iujustas
748 1847 950 1918 exactiones
965 1844 1011 1918 ab
1033 1847 1075 1918 iis
1099 1873 1190 1944 quos
1214 1850 1376 1946 affligunt

318 1979 355 2036 et
378 1964 588 2061 opprimunt
605 1962 664 2060 pia
687 1962 970 2034 consideratione
985 1985 1189 2053 removere,
1219 1966 1266 2037 ita
1283 1966 1373 2039 indi·

317 2103 429 2174 gnum
444 2102 521 2150 esse
538 2077 741 2149 censuimus
754 2077 796 2148 iis
812 2077 888 2174 qui,
906 2101 944 2148 se
970 2091 1004 2148 et
1026 2100 1090 2149 sua
1111 2076 1216 2152 nobis
1238 2081 1377 2154 subtra-

319 2192 456 2282 hendo,
477 2192 679 2266 dominium
699 2190 852 2264 ecclesiae
868 2205 997 2263 nostrae
1011 2190 1256 2289 subterfugere
1276 2222 1376 2269 com·
1418 2245 1425 2256 ·

319 2309 543 2406 probantur,
570 2307 790 2380 remissionis
814 2321 1017 2406 spontaneae
1049 2309 1219 2401 gratiam,
1254 2326 1377 2410 utpote

319 2423 495 2497 beneficia
516 2424 675 2518 ingratis,
700 2423 985 2512 communicare,
1013 2446 1123 2519 quam
1160 2449 1227 2522 pro
1264 2429 1379 2500 salute

319 2540 446 2612 animae
462 2564 551 2612 meae
571 2554 608 2612 et
624 2555 891 2612 antecessorum
915 2553 952 2608 et
974 2561 1221 2612 successorum
1241 2557 1380 2614 nostro-

320 2678 417 2746 rum,
433 2669 469 2727 et
486 2655 625 2727 honore
641 2653 797 2727 ecclesiae
813 2667 943 2724 uostrae
957 2665 993 2724 et
1004 2655 1279 2726 conservorum¹
1298 2682 1380 2730 nos-

320 2786 474 2862 trorum,
497 2796 540 2842 ex
558 2768 809 2842 benivolentiae
827 2767 958 2840 affectu
975 2765 1109 2864 placuit
1127 2784 1305 2866 praestare.
1328 2775 1380 2844 Ne

320 2888 400 2984 quis
418 2912 504 2960 vcro
520 2888 771 2986 inposterum,
791 2881 897 2955 simili
914 2883 1082 2956 inductus
1103 2885 1280 2983 exemplo,
1299 2884 1382 2960 licet

320 3027 395 3074 non
411 3003 488 3101 pari
501 3015 601 3089 voto,
615 3001 663 3072 de
675 3000 824 3096 reliquis
839 2996 992 3071 ecclesiae
1008 2996 1106 3071 beati
1115 3000 1275 3098 Dionysii
1291 3026 1381 3099 prae-

322 3117 391 3190 diis
406 3117 504 3189 idem
517 3130 710 3214 praesumat
723 3139 810 3186 ausu
829 3114 1021 3185 tememrio
1037 3137 1155 3208 agere,
1173 3140 1214 3187 ex
1224 3119 1380 3190 auctori-

324 3249 396 3305 tate
407 3233 473 3304 Dei
483 3231 740 3329 omnipotentis
751 3244 786 3301 et
798 3228 1194 3324 beatorummartyrum
1207 3232 1380 3328 Dionysii,

325 3348 458 3421 Rustici
491 3362 527 3419 et
550 3345 762 3435 Eleutherii,
788 3342 1036 3416 interdicimus
1059 3342 1127 3415 sub
1148 3346 1384 3420 anathematis

324 3462 607 3562 interpositione.
635 3459 744 3548 Quod
768 3476 888 3532 autem
920 3458 1168 3530 benivolentiae
1195 3460 1315 3534 studio
1350 3478 1386 3535 et

324 3577 580 3676 compassionis
599 3576 732 3647 affectu
747 3574 967 3672 peregimus,
987 3573 1072 3668 regii
1093 3573 1319 3648 munimento
1337 3578 1384 3650 si-

326 3695 401 3791 gilli
415 3709 452 3767 et
462 3717 652 3781 consensu,
666 3716 736 3762 una
755 3707 839 3762 cum
852 3688 951 3762 bulla
966 3703 1102 3775 nostra,
1113 3686 1159 3759 ad
1174 3705 1386 3788 perpetuum

326 3824 619 3896 monumentum,
642 3803 851 3903 subscriptis
874 3801 1081 3876 auctoribus
1100 3816 1137 3874 et
1160 3802 1325 3896 testibus,
1347 3822 1388 3879 nt

330 3925 499 4022 deinceps
512 3921 690 3996 illibatum
705 3934 927 4020 permaneat,
946 3917 1152 3990 confirmari
1168 3932 1203 3991 et
1218 3919 1389 3993 corrobo-

330 4043 404 4115 rari
425 4041 587 4113 fecimus.

377 4161 506 4230 Actum
534 4155 571 4226 in
597 4153 817 4228 monasterio
838 4150 935 4224 beati
965 4149 1143 4246 Dionysii,
1170 4151 1207 4222 in
1237 4151 1389 4247 generali

328 4286 526 4362 conventu,
544 4269 755 4369 praesideute
777 4267 914 4340 domno
934 4267 1095 4362 Sugerio,
1116 4264 1310 4338 venerabili
1325 4266 1389 4339 ab·

372 4517 400 4574 t.
422 4519 566 4575 Servormn
578 4511 627 4573 ed.
641 4509 770 4572 Dobleti.
