<?xml version="1.0" encoding="UTF-8"?>
<!DOCTYPE html PUBLIC "-//W3C//DTD XHTML 1.0 Transitional//EN"
    "http://www.w3.org/TR/xhtml1/DTD/xhtml1-transitional.dtd">
<html xmlns="http://www.w3.org/1999/xhtml" xml:lang="en" lang="en">
 <head>
  <title>
</title>
<meta http-equiv="Content-Type" content="text/html;charset=utf-8" />
  <meta name='ocr-system' content='tesseract 3.04.00' />
  <meta name='ocr-capabilities' content='ocr_page ocr_carea ocr_par ocr_line ocrx_word'/>
</head>
<body>
  <div class='ocr_page' id='page_1' title='image "./oeuvrescompltes00sugegoog_0199.png"; bbox 0 0 3742 5667; ppageno 0'>
   <div class='ocr_carea' id='block_1_1' title="bbox 446 808 1344 872">
    <p class='ocr_par' dir='ltr' id='par_1_1' title="bbox 446 808 1344 872">
     <span class='ocr_line' id='line_1_1' title="bbox 446 808 1344 872; baseline 0.004 -7"><span class='ocrx_word' id='word_1_1' title='bbox 446 810 518 867; x_wconf 83' lang='lat' dir='ltr'><strong>SUR</strong></span> <span class='ocrx_word' id='word_1_2' title='bbox 538 808 609 866; x_wconf 88' lang='lat' dir='ltr'><strong>SON</strong></span> <span class='ocrx_word' id='word_1_3' title='bbox 628 809 949 867; x_wconf 80' lang='lat' dir='ltr'><strong>ADMINISTRATioN</strong></span> <span class='ocrx_word' id='word_1_4' title='bbox 967 810 1183 868; x_wconf 67' lang='lat' dir='ltr'><strong>intimans.</strong></span> <span class='ocrx_word' id='word_1_5' title='bbox 1287 814 1344 872; x_wconf 79' lang='lat'><strong>163</strong></span> 
     </span>
    </p>
   </div>
   <div class='ocr_carea' id='block_1_2' title="bbox 290 939 1350 1848">
    <p class='ocr_par' dir='ltr' id='par_1_2' title="bbox 290 939 1350 1848">
     <span class='ocr_line' id='line_1_2' title="bbox 292 939 1343 1037; baseline 0.004 -25"><span class='ocrx_word' id='word_1_6' title='bbox 292 939 569 1012; x_wconf 90' lang='lat' dir='ltr'><strong>deincremento</strong></span> <span class='ocrx_word' id='word_1_7' title='bbox 590 955 736 1012; x_wconf 89' lang='lat' dir='ltr'><strong>centum</strong></span> <span class='ocrx_word' id='word_1_8' title='bbox 760 941 902 1014; x_wconf 89' lang='lat' dir='ltr'><strong>modios</strong></span> <span class='ocrx_word' id='word_1_9' title='bbox 918 966 1069 1013; x_wconf 85' lang='lat' dir='ltr'><strong>annonae</strong></span> <span class='ocrx_word' id='word_1_10' title='bbox 1085 941 1180 1037; x_wconf 82' lang='lat' dir='ltr'><strong>large</strong></span> <span class='ocrx_word' id='word_1_11' title='bbox 1193 966 1343 1015; x_wconf 85' lang='lat' dir='ltr'><strong>consue·</strong></span> 
     </span>
     <span class='ocr_line' id='line_1_3' title="bbox 291 1051 1344 1155; baseline 0.003 -29"><span class='ocrx_word' id='word_1_12' title='bbox 291 1055 341 1127; x_wconf 84' lang='lat' dir='ltr'><strong>rit</strong></span> <span class='ocrx_word' id='word_1_13' title='bbox 361 1051 541 1127; x_wconf 81' lang='lat' dir='ltr'><strong>excedere.</strong></span> <span class='ocrx_word' id='word_1_14' title='bbox 571 1055 681 1143; x_wconf 91' lang='lat' dir='ltr'><strong>Quod</strong></span> <span class='ocrx_word' id='word_1_15' title='bbox 699 1080 767 1129; x_wconf 92' lang='lat' dir='ltr'><strong>nos</strong></span> <span class='ocrx_word' id='word_1_16' title='bbox 787 1072 869 1155; x_wconf 90' lang='lat' dir='ltr'><strong>post</strong></span> <span class='ocrx_word' id='word_1_17' title='bbox 892 1055 1027 1129; x_wconf 79' lang='lat' dir='ltr'><strong>Pascha</strong></span> <span class='ocrx_word' id='word_1_18' title='bbox 1053 1054 1177 1129; x_wconf 92' lang='lat' dir='ltr'><strong>usibus</strong></span> <span class='ocrx_word' id='word_1_19' title='bbox 1200 1058 1344 1148; x_wconf 87' lang='lat' dir='ltr'><strong>nostris,</strong></span> 
     </span>
     <span class='ocr_line' id='line_1_4' title="bbox 291 1169 1348 1272; baseline 0 -29"><span class='ocrx_word' id='word_1_20' title='bbox 291 1169 440 1243; x_wconf 85' lang='lat' dir='ltr'><strong>ecclesiis</strong></span> <span class='ocrx_word' id='word_1_21' title='bbox 454 1185 492 1242; x_wconf 90' lang='lat' dir='ltr'><strong>et</strong></span> <span class='ocrx_word' id='word_1_22' title='bbox 506 1171 738 1271; x_wconf 85' lang='lat' dir='ltr'><strong>pauperibus,</strong></span> <span class='ocrx_word' id='word_1_23' title='bbox 761 1173 815 1244; x_wconf 83' lang='lat' dir='ltr'><strong>vel</strong></span> <span class='ocrx_word' id='word_1_24' title='bbox 835 1170 1123 1270; x_wconf 90' lang='lat' dir='ltr'><strong>quibuscumque</strong></span> <span class='ocrx_word' id='word_1_25' title='bbox 1138 1172 1348 1272; x_wconf 85' lang='lat' dir='ltr'><strong>opportuni-</strong></span> 
     </span>
     <span class='ocr_line' id='line_1_5' title="bbox 291 1284 1349 1382; baseline -0.002 -23"><span class='ocrx_word' id='word_1_26' title='bbox 291 1284 418 1359; x_wconf 76' lang='lat' dir='ltr'>tatibus</span> <span class='ocrx_word' id='word_1_27' title='bbox 439 1286 661 1382; x_wconf 82' lang='lat' dir='ltr'><strong>erogandum</strong></span> <span class='ocrx_word' id='word_1_28' title='bbox 679 1287 894 1361; x_wconf 87' lang='lat' dir='ltr'><strong>censuimus.</strong></span> <span class='ocrx_word' id='word_1_29' title='bbox 914 1289 1092 1361; x_wconf 84' lang='lat' dir='ltr'><strong>Extremis</strong></span> <span class='ocrx_word' id='word_1_30' title='bbox 1104 1288 1201 1361; x_wconf 90' lang='lat' dir='ltr'><strong>euim</strong></span> <span class='ocrx_word' id='word_1_31' title='bbox 1219 1286 1349 1361; x_wconf 91' lang='lat' dir='ltr'><strong>meusi-</strong></span> 
     </span>
     <span class='ocr_line' id='line_1_6' title="bbox 290 1402 1348 1501; baseline -0.003 -25"><span class='ocrx_word' id='word_1_32' title='bbox 290 1404 357 1476; x_wconf 93' lang='lat' dir='ltr'><strong>bus</strong></span> <span class='ocrx_word' id='word_1_33' title='bbox 380 1402 476 1493; x_wconf 86' lang='lat' dir='ltr'><strong>anni,</strong></span> <span class='ocrx_word' id='word_1_34' title='bbox 503 1402 698 1501; x_wconf 88' lang='lat' dir='ltr'><strong>aliquando</strong></span> <span class='ocrx_word' id='word_1_35' title='bbox 725 1404 840 1477; x_wconf 86' lang='lat' dir='ltr'><strong>carior</strong></span> <span class='ocrx_word' id='word_1_36' title='bbox 866 1427 1011 1475; x_wconf 86' lang='lat' dir='ltr'><strong>annona</strong></span> <span class='ocrx_word' id='word_1_37' title='bbox 1031 1402 1348 1501; x_wconf 81' lang='lat' dir='ltr'><strong>congregationum</strong></span> 
     </span>
     <span class='ocr_line' id='line_1_7' title="bbox 290 1517 1350 1620; baseline -0.002 -27"><span class='ocrx_word' id='word_1_38' title='bbox 290 1517 601 1620; x_wconf 78' lang='lat' dir='ltr'><strong>improvidentiam</strong></span> <span class='ocrx_word' id='word_1_39' title='bbox 615 1520 743 1620; x_wconf 90' lang='lat' dir='ltr'><strong>punire</strong></span> <span class='ocrx_word' id='word_1_40' title='bbox 767 1520 870 1593; x_wconf 85' lang='lat' dir='ltr'><strong>solet.</strong></span> <span class='ocrx_word' id='word_1_41' title='bbox 895 1524 1163 1594; x_wconf 81' lang='lat' dir='ltr'><strong>lucrementum</strong></span> <span class='ocrx_word' id='word_1_42' title='bbox 1185 1517 1350 1591; x_wconf 77' lang='lat' dir='ltr'><strong>denario</strong></span> 
     </span>
     <span class='ocr_line' id='line_1_8' title="bbox 291 1633 1349 1734; baseline -0.002 -26"><span class='ocrx_word' id='word_1_43' title='bbox 291 1661 371 1709; x_wconf 90' lang='lat' dir='ltr'><strong>rum</strong></span> <span class='ocrx_word' id='word_1_44' title='bbox 392 1651 537 1708; x_wconf 91' lang='lat' dir='ltr'><strong>centum</strong></span> <span class='ocrx_word' id='word_1_45' title='bbox 560 1650 597 1708; x_wconf 85' lang='lat' dir='ltr'><strong>et</strong></span> <span class='ocrx_word' id='word_1_46' title='bbox 613 1633 888 1734; x_wconf 85' lang='lat' dir='ltr'><strong>quatuordecim</strong></span> <span class='ocrx_word' id='word_1_47' title='bbox 911 1635 1085 1709; x_wconf 90' lang='lat' dir='ltr'><strong>librarum</strong></span> <span class='ocrx_word' id='word_1_48' title='bbox 1100 1651 1137 1709; x_wconf 90' lang='lat' dir='ltr'><strong>et</strong></span> <span class='ocrx_word' id='word_1_49' title='bbox 1156 1634 1349 1709; x_wconf 86' lang='lat' dir='ltr'><strong>duodecim</strong></span> 
     </span>
     <span class='ocr_line' id='line_1_9' title="bbox 291 1749 962 1848; baseline 0.001 -24"><span class='ocrx_word' id='word_1_50' title='bbox 291 1749 485 1825; x_wconf 81' lang='lat' dir='ltr'><strong>solidorum</strong></span> <span class='ocrx_word' id='word_1_51' title='bbox 502 1751 649 1848; x_wconf 83' lang='lat' dir='ltr'><strong>singulis</strong></span> <span class='ocrx_word' id='word_1_52' title='bbox 666 1753 770 1825; x_wconf 90' lang='lat' dir='ltr'><strong>annis</strong></span> <span class='ocrx_word' id='word_1_53' title='bbox 785 1752 962 1825; x_wconf 84' lang='lat' dir='ltr'><strong>consistit.</strong></span> 
     </span>
    </p>
   </div>
   <div class='ocr_carea' id='block_1_3' title="bbox 505 1997 1128 2073">
    <p class='ocr_par' dir='ltr' id='par_1_3' title="bbox 505 1997 1128 2073">
     <span class='ocr_line' id='line_1_10' title="bbox 505 1997 1128 2073; baseline 0.003 -3"><span class='ocrx_word' id='word_1_54' title='bbox 505 2002 547 2071; x_wconf 86' lang='lat' dir='ltr'><strong>V.</strong></span> <span class='ocrx_word' id='word_1_55' title='bbox 566 2003 623 2070; x_wconf 86' lang='lat' dir='ltr'><strong>De</strong></span> <span class='ocrx_word' id='word_1_56' title='bbox 637 1997 823 2073; x_wconf 82' lang='lat' dir='ltr'><strong>Cormeliir</strong></span> <span class='ocrx_word' id='word_1_57' title='bbox 835 1997 1097 2071; x_wconf 70' lang='lat' dir='ltr'><strong>parisiensibus</strong></span> <span class='ocrx_word' id='word_1_58' title='bbox 1106 2003 1128 2072; x_wconf 85' lang='lat'><strong>¹.</strong></span> 
     </span>
    </p>
   </div>
   <div class='ocr_carea' id='block_1_4' title="bbox 294 2199 1354 2877">
    <p class='ocr_par' dir='ltr' id='par_1_4' title="bbox 294 2199 1354 2877">
     <span class='ocr_line' id='line_1_11' title="bbox 336 2199 1352 2302; baseline 0.003 -30"><span class='ocrx_word' id='word_1_59' title='bbox 336 2203 388 2272; x_wconf 89' lang='lat' dir='ltr'><strong>De</strong></span> <span class='ocrx_word' id='word_1_60' title='bbox 401 2199 591 2273; x_wconf 86' lang='lat' dir='ltr'><strong>Cormeliis</strong></span> <span class='ocrx_word' id='word_1_61' title='bbox 606 2200 644 2273; x_wconf 91' lang='lat' dir='ltr'><strong>in</strong></span> <span class='ocrx_word' id='word_1_62' title='bbox 658 2225 751 2302; x_wconf 82' lang='lat' dir='ltr'><strong>pago</strong></span> <span class='ocrx_word' id='word_1_63' title='bbox 767 2202 968 2293; x_wconf 82' lang='lat' dir='ltr'><strong>Parisiensi,</strong></span> <span class='ocrx_word' id='word_1_64' title='bbox 990 2202 1253 2275; x_wconf 87' lang='lat' dir='ltr'><strong>incrementum</strong></span> <span class='ocrx_word' id='word_1_65' title='bbox 1269 2228 1352 2275; x_wconf 90' lang='lat' dir='ltr'><strong>cen·</strong></span> 
     </span>
     <span class='ocr_line' id='line_1_12' title="bbox 294 2313 1350 2416; baseline 0.003 -28"><span class='ocrx_word' id='word_1_66' title='bbox 294 2341 350 2389; x_wconf 86' lang='lat' dir='ltr'><strong>sus</strong></span> <span class='ocrx_word' id='word_1_67' title='bbox 369 2330 449 2388; x_wconf 89' lang='lat' dir='ltr'><strong>octo</strong></span> <span class='ocrx_word' id='word_1_68' title='bbox 469 2313 663 2409; x_wconf 65' lang='lat' dir='ltr'><strong>librarum</strong></span> <span class='ocrx_word' id='word_1_69' title='bbox 693 2341 778 2388; x_wconf 90' lang='lat' dir='ltr'><strong>cum</strong></span> <span class='ocrx_word' id='word_1_70' title='bbox 795 2317 895 2416; x_wconf 93' lang='lat' dir='ltr'><strong>prius</strong></span> <span class='ocrx_word' id='word_1_71' title='bbox 915 2316 1132 2391; x_wconf 83' lang='lat' dir='ltr'><strong>haberemus</strong></span> <span class='ocrx_word' id='word_1_72' title='bbox 1154 2317 1350 2392; x_wconf 79' lang='lat' dir='ltr'><strong>duodecim</strong></span> 
     </span>
     <span class='ocr_line' id='line_1_13' title="bbox 294 2428 1350 2527; baseline 0.004 -24"><span class='ocrx_word' id='word_1_73' title='bbox 294 2430 409 2523; x_wconf 83' lang='lat' dir='ltr'><strong>libras,</strong></span> <span class='ocrx_word' id='word_1_74' title='bbox 427 2428 539 2502; x_wconf 93' lang='lat' dir='ltr'><strong>modo</strong></span> <span class='ocrx_word' id='word_1_75' title='bbox 554 2432 692 2527; x_wconf 84' lang='lat' dir='ltr'><strong>viginti.</strong></span> <span class='ocrx_word' id='word_1_76' title='bbox 710 2435 764 2503; x_wconf 90' lang='lat' dir='ltr'><strong>De</strong></span> <span class='ocrx_word' id='word_1_77' title='bbox 777 2456 919 2504; x_wconf 89' lang='lat' dir='ltr'><strong>annona</strong></span> <span class='ocrx_word' id='word_1_78' title='bbox 940 2432 1063 2507; x_wconf 90' lang='lat' dir='ltr'><strong>decem</strong></span> <span class='ocrx_word' id='word_1_79' title='bbox 1079 2449 1141 2506; x_wconf 90' lang='lat' dir='ltr'><strong>aut</strong></span> <span class='ocrx_word' id='word_1_80' title='bbox 1156 2431 1350 2508; x_wconf 88' lang='lat' dir='ltr'><strong>duodecim</strong></span> 
     </span>
     <span class='ocr_line' id='line_1_14' title="bbox 296 2545 1352 2650; baseline 0.006 -32"><span class='ocrx_word' id='word_1_81' title='bbox 296 2546 428 2619; x_wconf 86' lang='lat' dir='ltr'><strong>modios</strong></span> <span class='ocrx_word' id='word_1_82' title='bbox 448 2545 684 2640; x_wconf 84' lang='lat' dir='ltr'><strong>habebamus,</strong></span> <span class='ocrx_word' id='word_1_83' title='bbox 702 2572 800 2620; x_wconf 91' lang='lat' dir='ltr'><strong>nunc</strong></span> <span class='ocrx_word' id='word_1_84' title='bbox 817 2546 946 2621; x_wconf 90' lang='lat' dir='ltr'><strong>decem</strong></span> <span class='ocrx_word' id='word_1_85' title='bbox 966 2564 1003 2622; x_wconf 90' lang='lat' dir='ltr'><strong>et</strong></span> <span class='ocrx_word' id='word_1_86' title='bbox 1021 2565 1117 2626; x_wconf 85' lang='lat' dir='ltr'><strong>octo.</strong></span> <span class='ocrx_word' id='word_1_87' title='bbox 1142 2552 1246 2650; x_wconf 79' lang='lat' dir='ltr'><strong>Apud</strong></span> <span class='ocrx_word' id='word_1_88' title='bbox 1262 2554 1352 2624; x_wconf 91' lang='lat' dir='ltr'><strong>Cen·</strong></span> 
     </span>
     <span class='ocr_line' id='line_1_15' title="bbox 294 2661 1349 2761; baseline 0.005 -27"><span class='ocrx_word' id='word_1_89' title='bbox 294 2662 485 2735; x_wconf 82' lang='lat' dir='ltr'><strong>tinodium¹</strong></span> <span class='ocrx_word' id='word_1_90' title='bbox 501 2677 654 2761; x_wconf 91' lang='lat' dir='ltr'><strong>quatuor</strong></span> <span class='ocrx_word' id='word_1_91' title='bbox 673 2661 782 2735; x_wconf 90' lang='lat' dir='ltr'><strong>libras</strong></span> <span class='ocrx_word' id='word_1_92' title='bbox 801 2663 846 2735; x_wconf 93' lang='lat' dir='ltr'><strong>de</strong></span> <span class='ocrx_word' id='word_1_93' title='bbox 863 2665 1085 2739; x_wconf 89' lang='lat' dir='ltr'><strong>incremento</strong></span> <span class='ocrx_word' id='word_1_94' title='bbox 1107 2668 1192 2739; x_wconf 87' lang='lat' dir='ltr'><strong>novi</strong></span> <span class='ocrx_word' id='word_1_95' title='bbox 1207 2692 1349 2761; x_wconf 86' lang='lat' dir='ltr'><strong>census,</strong></span> 
     </span>
     <span class='ocr_line' id='line_1_16' title="bbox 295 2776 1354 2877; baseline 0.004 -26"><span class='ocrx_word' id='word_1_96' title='bbox 295 2794 327 2851; x_wconf 85' lang='lat' dir='ltr'><strong>et</strong></span> <span class='ocrx_word' id='word_1_97' title='bbox 341 2779 384 2851; x_wconf 91' lang='lat' dir='ltr'><strong>de</strong></span> <span class='ocrx_word' id='word_1_98' title='bbox 393 2779 507 2851; x_wconf 82' lang='lat' dir='ltr'><strong>reteri</strong></span> <span class='ocrx_word' id='word_1_99' title='bbox 524 2793 668 2851; x_wconf 88' lang='lat' dir='ltr'><strong>centum</strong></span> <span class='ocrx_word' id='word_1_100' title='bbox 682 2776 829 2851; x_wconf 90' lang='lat' dir='ltr'><strong>solidos.</strong></span> <span class='ocrx_word' id='word_1_101' title='bbox 849 2780 954 2877; x_wconf 86' lang='lat' dir='ltr'><strong>Apud</strong></span> <span class='ocrx_word' id='word_1_102' title='bbox 968 2784 1188 2854; x_wconf 86' lang='lat' dir='ltr'><strong>Francorum</strong></span> <span class='ocrx_word' id='word_1_103' title='bbox 1203 2782 1354 2855; x_wconf 82' lang='lat' dir='ltr'><strong>Villam⁸</strong></span> 
     </span>
    </p>
   </div>
   <div class='ocr_carea' id='block_1_5' title="bbox 295 2893 1351 3109">
    <p class='ocr_par' dir='ltr' id='par_1_5' title="bbox 295 2893 1351 3109">
     <span class='ocr_line' id='line_1_17' title="bbox 295 2893 1350 2996; baseline 0.003 -29"><span class='ocrx_word' id='word_1_104' title='bbox 295 2895 521 2992; x_wconf 83' lang='lat' dir='ltr'><strong>quadraginta</strong></span> <span class='ocrx_word' id='word_1_105' title='bbox 536 2894 669 2968; x_wconf 85' lang='lat' dir='ltr'><strong>solidos</strong></span> <span class='ocrx_word' id='word_1_106' title='bbox 682 2893 729 2968; x_wconf 93' lang='lat' dir='ltr'><strong>de</strong></span> <span class='ocrx_word' id='word_1_107' title='bbox 751 2920 848 2969; x_wconf 89' lang='lat' dir='ltr'><strong>novo</strong></span> <span class='ocrx_word' id='word_1_108' title='bbox 871 2898 1107 2987; x_wconf 85' lang='lat' dir='ltr'><strong>incremento,</strong></span> <span class='ocrx_word' id='word_1_109' title='bbox 1133 2914 1169 2972; x_wconf 85' lang='lat' dir='ltr'><strong>et</strong></span> <span class='ocrx_word' id='word_1_110' title='bbox 1193 2898 1350 2996; x_wconf 90' lang='lat' dir='ltr'><strong>quadra-</strong></span> 
     </span>
     <span class='ocr_line' id='line_1_18' title="bbox 297 3009 1351 3109; baseline 0.004 -26"><span class='ocrx_word' id='word_1_111' title='bbox 297 3012 384 3107; x_wconf 79' lang='lat' dir='ltr'><strong>ginta</strong></span> <span class='ocrx_word' id='word_1_112' title='bbox 409 3009 456 3084; x_wconf 90' lang='lat' dir='ltr'><strong>de</strong></span> <span class='ocrx_word' id='word_1_113' title='bbox 486 3011 600 3084; x_wconf 87' lang='lat' dir='ltr'><strong>veteri</strong></span> <span class='ocrx_word' id='word_1_114' title='bbox 625 3026 754 3109; x_wconf 68' lang='lat' dir='ltr'><strong>praeter</strong></span> <span class='ocrx_word' id='word_1_115' title='bbox 777 3010 937 3085; x_wconf 88' lang='lat' dir='ltr'><strong>feodum.</strong></span> <span class='ocrx_word' id='word_1_116' title='bbox 967 3014 1150 3085; x_wconf 85' lang='lat' dir='ltr'><strong>Decimam</strong></span> <span class='ocrx_word' id='word_1_117' title='bbox 1174 3011 1220 3086; x_wconf 94' lang='lat' dir='ltr'><strong>de</strong></span> <span class='ocrx_word' id='word_1_118' title='bbox 1244 3012 1351 3087; x_wconf 81' lang='lat' dir='ltr'><strong>feodo</strong></span> 
     </span>
    </p>
   </div>
   <div class='ocr_carea' id='block_1_6' title="bbox 296 3127 1351 3340">
    <p class='ocr_par' dir='ltr' id='par_1_6' title="bbox 296 3127 1351 3340">
     <span class='ocr_line' id='line_1_19' title="bbox 296 3127 1336 3225; baseline 0.002 -26"><span class='ocrx_word' id='word_1_119' title='bbox 296 3142 425 3219; x_wconf 85' lang='lat' dir='ltr'><strong>nostro,</strong></span> <span class='ocrx_word' id='word_1_120' title='bbox 449 3150 559 3225; x_wconf 90' lang='lat' dir='ltr'><strong>quam</strong></span> <span class='ocrx_word' id='word_1_121' title='bbox 580 3127 733 3201; x_wconf 88' lang='lat' dir='ltr'><strong>emimus</strong></span> <span class='ocrx_word' id='word_1_122' title='bbox 752 3152 774 3199; x_wconf 95' lang='lat' dir='ltr'><strong>a</strong></span> <span class='ocrx_word' id='word_1_123' title='bbox 798 3132 938 3223; x_wconf 84' lang='lat' dir='ltr'><strong>Pagano</strong></span> <span class='ocrx_word' id='word_1_124' title='bbox 963 3127 1008 3200; x_wconf 91' lang='lat' dir='ltr'><strong>de</strong></span> <span class='ocrx_word' id='word_1_125' title='bbox 1024 3128 1215 3220; x_wconf 76' lang='lat' dir='ltr'><strong>Gisorfio‘,</strong></span> <span class='ocrx_word' id='word_1_126' title='bbox 1229 3144 1267 3202; x_wconf 91' lang='lat' dir='ltr'><strong>et</strong></span> <span class='ocrx_word' id='word_1_127' title='bbox 1291 3129 1336 3201; x_wconf 93' lang='lat' dir='ltr'><strong>de</strong></span> 
     </span>
     <span class='ocr_line' id='line_1_20' title="bbox 297 3238 1351 3340; baseline 0.002 -28"><span class='ocrx_word' id='word_1_128' title='bbox 297 3238 406 3312; x_wconf 72' lang='lat' dir='ltr'><strong>dimin</strong></span> <span class='ocrx_word' id='word_1_129' title='bbox 439 3239 577 3314; x_wconf 90' lang='lat' dir='ltr'><strong>clericis</strong></span> <span class='ocrx_word' id='word_1_130' title='bbox 613 3240 861 3312; x_wconf 86' lang='lat' dir='ltr'><strong>matriculariis</strong></span> <span class='ocrx_word' id='word_1_131' title='bbox 896 3265 965 3340; x_wconf 91' lang='lat' dir='ltr'><strong>pro</strong></span> <span class='ocrx_word' id='word_1_132' title='bbox 998 3265 1123 3314; x_wconf 88' lang='lat' dir='ltr'><strong>amore</strong></span> <span class='ocrx_word' id='word_1_133' title='bbox 1163 3242 1246 3331; x_wconf 88' lang='lat' dir='ltr'><strong>Dei,</strong></span> <span class='ocrx_word' id='word_1_134' title='bbox 1293 3265 1351 3314; x_wconf 80' lang='lat' dir='ltr'><strong>ex·</strong></span> 
     </span>
    </p>
   </div>
   <div class='ocr_carea' id='block_1_7' title="bbox 297 3354 1298 3456">
    <p class='ocr_par' dir='ltr' id='par_1_7' title="bbox 297 3354 1298 3456">
     <span class='ocr_line' id='line_1_21' title="bbox 297 3354 1298 3456; baseline 0.002 -28"><span class='ocrx_word' id='word_1_135' title='bbox 297 3370 390 3455; x_wconf 87' lang='lat' dir='ltr'><strong>cepta</strong></span> <span class='ocrx_word' id='word_1_136' title='bbox 400 3354 543 3430; x_wconf 86' lang='lat' dir='ltr'><strong>decima</strong></span> <span class='ocrx_word' id='word_1_137' title='bbox 558 3356 668 3431; x_wconf 79' lang='lat' dir='ltr'><strong>clausi</strong></span> <span class='ocrx_word' id='word_1_138' title='bbox 684 3357 811 3450; x_wconf 87' lang='lat' dir='ltr'><strong>nostri,</strong></span> <span class='ocrx_word' id='word_1_139' title='bbox 829 3381 940 3456; x_wconf 87' lang='lat' dir='ltr'><strong>quam</strong></span> <span class='ocrx_word' id='word_1_140' title='bbox 951 3356 1058 3431; x_wconf 89' lang='lat' dir='ltr'><strong>nobis</strong></span> <span class='ocrx_word' id='word_1_141' title='bbox 1074 3357 1298 3431; x_wconf 89' lang='lat' dir='ltr'><strong>retinuimus.</strong></span> 
     </span>
    </p>
   </div>
   <div class='ocr_carea' id='block_1_8' title="bbox 615 3602 1015 3675">
    <p class='ocr_par' dir='ltr' id='par_1_8' title="bbox 615 3602 1015 3675">
     <span class='ocr_line' id='line_1_22' title="bbox 615 3602 1015 3675; baseline 0.005 -3"><span class='ocrx_word' id='word_1_142' title='bbox 615 3602 674 3672; x_wconf 86' lang='lat' dir='ltr'><strong>VI.</strong></span> <span class='ocrx_word' id='word_1_143' title='bbox 694 3606 749 3673; x_wconf 90' lang='lat' dir='ltr'><strong>De</strong></span> <span class='ocrx_word' id='word_1_144' title='bbox 764 3603 1015 3675; x_wconf 80' lang='lat' dir='ltr'><strong>Moutim&#39;aco&#39;.</strong></span> 
     </span>
    </p>
   </div>
   <div class='ocr_carea' id='block_1_9' title="bbox 299 3802 1348 4019">
    <p class='ocr_par' dir='ltr' id='par_1_9' title="bbox 299 3802 1348 4019">
     <span class='ocr_line' id='line_1_23' title="bbox 338 3802 1348 3905; baseline 0.007 -31"><span class='ocrx_word' id='word_1_145' title='bbox 338 3802 442 3904; x_wconf 76' lang='lat' dir='ltr'><strong>Apud</strong></span> <span class='ocrx_word' id='word_1_146' title='bbox 462 3805 732 3896; x_wconf 85' lang='lat' dir='ltr'><strong>Montiniacum,</strong></span> <span class='ocrx_word' id='word_1_147' title='bbox 747 3805 1006 3905; x_wconf 84' lang='lat' dir='ltr'><strong>quinquaginta</strong></span> <span class='ocrx_word' id='word_1_148' title='bbox 1022 3804 1157 3880; x_wconf 88' lang='lat' dir='ltr'><strong>solidos</strong></span> <span class='ocrx_word' id='word_1_149' title='bbox 1173 3804 1220 3881; x_wconf 90' lang='lat' dir='ltr'><strong>de</strong></span> <span class='ocrx_word' id='word_1_150' title='bbox 1236 3832 1348 3898; x_wconf 83' lang='lat' dir='ltr'><strong>novo,</strong></span> 
     </span>
     <span class='ocr_line' id='line_1_24' title="bbox 299 3920 915 4019; baseline 0.01 -29"><span class='ocrx_word' id='word_1_151' title='bbox 299 3934 329 3993; x_wconf 86' lang='lat' dir='ltr'><strong>et</strong></span> <span class='ocrx_word' id='word_1_152' title='bbox 342 3923 522 4019; x_wconf 83' lang='lat' dir='ltr'><strong>sexaginta</strong></span> <span class='ocrx_word' id='word_1_153' title='bbox 535 3936 571 3995; x_wconf 86' lang='lat' dir='ltr'><strong>et</strong></span> <span class='ocrx_word' id='word_1_154' title='bbox 587 3920 713 3994; x_wconf 89' lang='lat' dir='ltr'><strong>decem</strong></span> <span class='ocrx_word' id='word_1_155' title='bbox 730 3920 775 3994; x_wconf 91' lang='lat' dir='ltr'><strong>de</strong></span> <span class='ocrx_word' id='word_1_156' title='bbox 790 3922 915 3996; x_wconf 87' lang='lat' dir='ltr'><strong>veteri.</strong></span> 
     </span>
    </p>
   </div>
   <div class='ocr_carea' id='block_1_10' title="bbox 332 4165 1083 4511">
    <p class='ocr_par' dir='ltr' id='par_1_10' title="bbox 332 4165 1083 4341">
     <span class='ocr_line' id='line_1_25' title="bbox 332 4165 1083 4251; baseline 0.003 -22"><span class='ocrx_word' id='word_1_157' title='bbox 332 4174 360 4229; x_wconf 78' lang='lat' dir='ltr'><strong>t.</strong></span> <span class='ocrx_word' id='word_1_158' title='bbox 381 4166 475 4249; x_wconf 79' lang='lat' dir='ltr'><strong>Vulgi)</strong></span> <span class='ocrx_word' id='word_1_159' title='bbox 488 4172 638 4230; x_wconf 76' lang='lat' dir='ltr'><strong>Comeille</strong></span> <span class='ocrx_word' id='word_1_160' title='bbox 650 4188 686 4226; x_wconf 82' lang='lat' dir='ltr'><strong>en</strong></span> <span class='ocrx_word' id='word_1_161' title='bbox 698 4173 812 4230; x_wconf 69' lang='lat' dir='ltr'><strong>Parnes</strong></span> <span class='ocrx_word' id='word_1_162' title='bbox 825 4165 1083 4251; x_wconf 64' lang='lat' dir='ltr'><strong>(cerm-one).</strong></span> 
     </span>
     <span class='ocr_line' id='line_1_26' title="bbox 333 4258 767 4341; baseline 0.005 -23"><span class='ocrx_word' id='word_1_163' title='bbox 333 4264 363 4318; x_wconf 75' lang='lat'><strong>2.</strong></span> <span class='ocrx_word' id='word_1_164' title='bbox 382 4264 504 4321; x_wconf 67' lang='lat' dir='ltr'><strong>&amp;uncis</strong></span> <span class='ocrx_word' id='word_1_165' title='bbox 516 4258 767 4341; x_wconf 59' lang='lat' dir='ltr'><strong>(Setae-eroice).</strong></span> 
     </span>
    </p>

    <p class='ocr_par' dir='ltr' id='par_1_11' title="bbox 333 4351 1053 4511">
     <span class='ocr_line' id='line_1_27' title="bbox 333 4351 1053 4435; baseline 0.008 -23"><span class='ocrx_word' id='word_1_166' title='bbox 333 4356 362 4414; x_wconf 82' lang='lat'><strong>3.</strong></span> <span class='ocrx_word' id='word_1_167' title='bbox 381 4358 584 4429; x_wconf 62' lang='lat' dir='ltr'><strong>harmeville,</strong></span> <span class='ocrx_word' id='word_1_168' title='bbox 595 4353 674 4414; x_wconf 83' lang='lat' dir='ltr'><strong>hand</strong></span> <span class='ocrx_word' id='word_1_169' title='bbox 688 4353 789 4435; x_wconf 87' lang='lat' dir='ltr'><strong>procul</strong></span> <span class='ocrx_word' id='word_1_170' title='bbox 800 4353 837 4415; x_wconf 85' lang='lat' dir='ltr'><strong>ab</strong></span> <span class='ocrx_word' id='word_1_171' title='bbox 849 4352 958 4417; x_wconf 86' lang='lat' dir='ltr'><strong>eisdem</strong></span> <span class='ocrx_word' id='word_1_172' title='bbox 968 4351 1053 4418; x_wconf 77' lang='lat' dir='ltr'><strong>locis.</strong></span> 
     </span>
     <span class='ocr_line' id='line_1_28' title="bbox 336 4450 586 4511; baseline 0.012 -4"><span class='ocrx_word' id='word_1_173' title='bbox 336 4451 504 4511; x_wconf 72' lang='lat' dir='ltr'><strong>²1.=Giscrcio</strong></span> <span class='ocrx_word' id='word_1_174' title='bbox 516 4450 586 4510; x_wconf 82' lang='lat' dir='ltr'><strong>edd.</strong></span> 
     </span>
    </p>
   </div>
   <div class='ocr_carea' id='block_1_11' title="bbox 337 4544 832 4623">
    <p class='ocr_par' dir='ltr' id='par_1_12' title="bbox 337 4544 832 4623">
     <span class='ocr_line' id='line_1_29' title="bbox 337 4544 832 4623; baseline 0 -20"><span class='ocrx_word' id='word_1_175' title='bbox 337 4546 365 4604; x_wconf 81' lang='lat'><strong>5.</strong></span> <span class='ocrx_word' id='word_1_176' title='bbox 385 4546 467 4604; x_wconf 78' lang='lat' dir='ltr'><strong>Nunc</strong></span> <span class='ocrx_word' id='word_1_177' title='bbox 480 4544 832 4623; x_wconf 62' lang='lat' dir='ltr'><strong>Moneignfln-cormeu.</strong></span> 
     </span>
    </p>
   </div>
   <div class='ocr_carea' id='block_1_12' title="bbox 0 0 1883 5667">
    <p class='ocr_par' dir='ltr' id='par_1_13' title="bbox 0 0 1883 5667">
     <span class='ocr_line' id='line_1_30' title="bbox 0 0 1883 5667; baseline 0 0"><span class='ocrx_word' id='word_1_178' title='bbox 0 0 1883 5667; x_wconf 95' lang='lat' dir='ltr'><strong> </strong></span> 
     </span>
    </p>
   </div>
  </div>
 </body>
</html>
