3742 5667
462 849 499 905 as
671 843 830 904 murare
851 821 1077 905 coltnnnrrs
1095 847 1146 905 nn
1165 846 1302 908 sunan.

465 980 609 1052 missam
622 978 833 1078 episcopalia
850 973 1067 1072 deposuerat
1082 979 1322 1072 indumenta¹,
1342 1004 1427 1052 cum
1447 983 1525 1052 ino·

464 1095 767 1196 pinatanequitia,
788 1093 871 1168 ficta
882 1091 956 1166 litis
971 1094 1170 1187 occasione,
1192 1096 1293 1169 furor
1311 1097 1525 1170 Teutonicus

465 1211 634 1285 fiendens
665 1210 940 1286 debacchatur:
972 1212 1101 1283 exertis
1125 1211 1262 1308 gladiis,
1292 1211 1392 1286 velut
1426 1213 1524 1311 pleni

464 1329 597 1402 mania*
605 1329 857 1420 discurrentes,
874 1331 1052 1402 Romanos
1062 1328 1124 1401 tali
1136 1330 1174 1401 in
1184 1329 1266 1402 loco
1277 1330 1358 1426 jure
1370 1329 1526 1404 inermes

463 1445 728 1542 aggrediuntur,
744 1444 900 1518 clamant
912 1444 1149 1542 jurejurando
1164 1459 1205 1516 ut
1212 1443 1328 1517 clerus
1338 1469 1523 1538 romanus,

464 1587 591 1635 omncs
617 1577 691 1634 tam
716 1561 874 1661 episcopi
900 1585 1011 1659 quam
1031 1561 1228 1633 cardinales
1250 1562 1439 1660 capiantur
1462 1576 1526 1634 aut

464 1677 715 1752 trucidentur:
736 1691 772 1749 et
802 1677 901 1774 quod
920 1677 1010 1748 ulla·
1032 1700 1106 1749 non
1132 1691 1250 1776 potest
1273 1677 1444 1773 attingere
1472 1677 1526 1748 in-

464 1793 573 1886 sania,
592 1794 629 1864 in
641 1791 832 1865 dominum
848 1817 978 1891 papam
992 1817 1120 1865 manus
1140 1793 1274 1891 impias.
1286 1792 1430 1891 injicere
1449 1816 1524 1865 non

462 1926 644 1984 verentur.
674 1913 785 1982 Luctu
811 1909 1051 2008 inexplicabili
1074 1925 1111 1985 ct
1135 1908 1261 1984 dolore
1281 1909 1523 2011 precordiali,

462 2044 537 2100 tam
565 2024 733 2100 nobilitas
768 2050 916 2100 romana
949 2050 1059 2124 quam
1092 2027 1168 2125 ipse
1204 2028 1362 2127 populus
1393 2029 1491 2123 luget
1512 2053 1523 2098 ε

464 2153 698 2225 fauctionem·
727 2151 810 2223 licet
832 2177 911 2224 sero
936 2150 1241 2243 animadvertunt,
1268 2151 1327 2225 alii
1350 2151 1397 2224 ad
1426 2175 1527 2225 arma

464 2285 627 2361 currunt,
642 2269 702 2340 alii
715 2271 807 2341 sicut
817 2267 952 2366 stupidi
967 2268 1126 2364 ngiunt3
1146 2270 1410 2369 necinopinato
1439 2269 1526 2342 hos·

464 2387 555 2456 tium
576 2383 687 2474 bello,
709 2385 776 2455 nisi
801 2407 885 2455 cum
913 2381 1031 2456 trabes
1058 2383 1104 2456 de
1125 2384 1268 2481 porticu
1288 2383 1525 2483 deponentes,

464 2525 591 2574 eorum
604 2501 745 2572 ruinam
758 2522 860 2570 suam
875 2498 1058 2570 fecerunt⁸
1080 2498 1346 2591 defensionem,
1374 2501 1528 2573 eradere

464 2629 669 2716 potuerunt.
696 2615 865 2688 Praefatus
887 2631 1009 2686 autem
1035 2615 1230 2714 imperator
1248 2618 1409 2715 pessimae
1435 2642 1525 2690 con-

465 2733 619 2804 scientiae
634 2746 670 2804 et
683 2731 892 2803 facinorosi⁶
903 2731 984 2802 facti
996 2733 1203 2828 perterritus
1215 2733 1528 2825 cruciatu,urbem

465 2847 678 2945 quantocius
717 2847 844 2939 exivit,
870 2845 1027 2945 praedam
1056 2872 1078 2919 a
1108 2847 1300 2922 christiano
1327 2849 1528 2922 christianis

465 2962 676 3052 incudm,
691 2962 881 3034 dominum
891 2960 1054 3035 videlicet
1069 2988 1201 3064 papam
1219 2979 1254 3037 et
1270 2982 1419 3037 cunctos
1435 2991 1528 3063 quos

464 3078 582 3176 potuit
595 3078 794 3150 cardinales
803 3091 839 3150 ct
850 3079 1038 3176 episcopos
1054 3078 1250 3173 adducens,
1278 3081 1421 3153 civitate
1446 3083 1529 3154 Cas·

465 3193 623 3286 tellana⁷‚
642 3195 723 3267 loco
735 3210 861 3268 natura
877 3210 914 3268 et
929 3211 1005 3267 arte
1027 3197 1279 3303 munitissimo,
1304 3223 1342 3270 se
1369 3201 1525 3298 recepit3

465 3309 661 3383 cardinales
686 3311 783 3409 ipsos
803 3310 958 3409 turpiter
972 3336 1105 3384 exuens
1121 3312 1310 3386 inhoneste
1334 3316 1525 3406 tractavit3

507 3538 536 3598 l.
557 3539 727 3596 Indumenta
754 3535 882 3616 quinque
912 3536 1003 3596 codd.
1038 3557 1073 3594 ac
1093 3537 1163 3598 edit.
1184 3537 1334 3599 Benedict.
1362 3571 1402 3584 -
1426 3543 1528 3599 Verti-

466 3643 560 3688 menta
574 3632 632 3690 135
647 3641 676 3688 et
689 3629 771 3708 reliq.
783 3630 852 3689 edd.

506 3723 536 3780 2.
558 3725 666 3780 Mania
678 3723 789 3801 praelati
801 3722 929 3803 quinque
944 3722 1029 3783 codd.
1051 3736 1082 3785 ct
1097 3724 1168 3790 edit.
1184 3727 1330 3791 Benedict.
1348 3759 1389 3774 —
1402 3731 1526 3786 Insania

467 3817 526 3874 138
540 3825 568 3873 et
582 3814 666 3894 reliq.
679 3817 748 3876 edd.

507 3911 538 3969 3.
561 3913 599 3968 Et
611 3911 687 3985 quod
696 3914 772 3967 ultra
782 3913 863 3968 nulla
872 3923 967 3986 potest
978 3913 1036 3970 tlt
1048 3923 1077 3970 ct
1089 3914 1159 3972 133.

506 4009 536 4066 l.
558 4010 719 4066 Fartionem
742 4011 812 4068 133.
830 4043 871 4054 -
888 4014 1053 4069 Fortiorem
1080 4009 1151 4072 cta.
1167 4043 1209 4057 —
1222 4018 1316 4091 Luget
1339 4015 1527 4089 fauctionem.

466 4101 547 4156 Licet
559 4119 672 4160 serm...
689 4104 757 4161 135.
772 4104 816 4160 De
830 4101 887 4160 hoc
898 4113 1017 4175 eventu,
1029 4102 1095 4163 vide
1108 4103 1184 4162 iniri
1194 4105 1225 4165 in
1242 4106 1393 4167 Observat.

495 4195 536 4250 ’3.
559 4198 692 4252 Feccrint
714 4197 784 4255 sta.
798 4227 840 4242 -
852 4199 956 4255 Fecere
977 4200 1035 4256 133
1049 4208 1079 4256 et
1098 4197 1145 4258 ed.
1163 4201 1272 4261 Bened.
1283 4205 1439 4260 -Facere
1456 4199 1526 4263 edd.

465 4285 565 4344 Germ.
584 4298 613 4345 et
623 4287 729 4348 Clresn.

506 4379 536 4439 6.
558 4385 692 4438 Facinori
712 4383 769 4441 135
789 4395 819 4441 et
838 4382 908 4444 edit.
935 4385 1035 4448 Germ.
1050 4418 1090 4432 -
1102 4390 1249 4448 Facinoris
1274 4389 1343 4450 edit.
1369 4390 1473 4451 Chetn.
1487 4421 1529 4434 —

466 4475 652 4545 Facinoriosi,
666 4477 816 4550 mendose,
830 4477 901 4536 edit.
918 4479 1027 4539 Bened.

507 4571 535 4624 7.
558 4565 641 4624 Nunc
657 4569 735 4626 Cina
749 4572 781 4626 di
795 4574 928 4642 Cercetio,
943 4571 975 4630 in
987 4572 1120 4631 Umbriil.
