3742 5667
740 825 802 880 vtn
821 823 870 880 DE
890 823 1025 884 SUGER.
1353 827 1411 884 tut

348 959 473 1056 pietati
482 959 659 1056 imperare
668 980 865 1055 possemus,
877 956 1071 1029 laetandum
1087 956 1193 1029 nobis
1209 972 1285 1029 erat
1300 961 1411 1056 magis

347 1072 449 1168 qnod
458 1072 566 1144 talem
579 1087 718 1170 patrem
727 1071 972 1156 habuerimus,
985 1095 1094 1167 quam
1104 1071 1301 1144 dolendum
1310 1073 1409 1170 quod

346 1186 456 1258 talem
474 1187 762 1287 premiserimus,
786 1210 860 1283 quo
874 1211 941 1258 nos
962 1185 1180 1283 quandoque
1195 1202 1410 1284 sequuturos

346 1326 423 1374 non
438 1301 657 1374 dubitamus.
678 1305 755 1373 Non
772 1279 868 1372 enim
884 1300 989 1374 nobis
1004 1315 1147 1399 ereptus
1164 1317 1230 1391 est,
1262 1301 1325 1373 sed
1344 1327 1408 1400 pe-

345 1417 489 1507 riculis3
511 1441 578 1488 nec
595 1433 667 1489 tam
684 1418 793 1488 vitam
809 1416 940 1506 amisit,
961 1440 1071 1513 quam
1085 1416 1234 1488 feliciter
1244 1442 1408 1490 commu-

345 1533 448 1608 tavit.
469 1537 598 1605 Verum
614 1532 697 1629 quia
711 1556 730 1603 a
743 1532 952 1604 conditione
964 1530 1144 1604 moriendi
1159 1557 1267 1604 nemo
1282 1535 1410 1632 excipi-

344 1663 419 1741 tur,
431 1674 515 1724 cum
528 1651 585 1722 vir
600 1649 822 1722 venerandus
836 1675 878 1722 ea
891 1649 1097 1722 valetudine
1110 1674 1182 1747 qua
1195 1666 1230 1722 et
1243 1667 1410 1724 mortuus

342 1780 398 1836 est
422 1766 540 1838 vexari
560 1767 729 1864 cepisset,
759 1765 911 1836 fratrum
930 1764 1098 1838 manibus
1118 1779 1349 1858 sustentatus,
1371 1768 1407 1840 in

342 1896 563 1952 conventum
577 1905 615 1953 se
627 1879 758 1954 deduci
772 1881 957 1978 poposcit:
975 1879 1049 1970 ubi,
1062 1896 1145 1978 post
1154 1880 1264 1953 verba
1277 1881 1407 1955 exhor·

342 1995 501 2085 tationis,
531 2021 615 2068 cum
641 1996 805 2094 lacrymis
834 2010 870 2068 et
894 1996 1029 2091 gemitu
1058 1996 1223 2068 omnium
1254 1996 1408 2096 pedibus

340 2111 568 2207 provolutus,
585 2113 647 2209 qui
663 2111 865 2184 communis
884 2112 1031 2183 Domini
1041 2110 1220 2208 judicium
1238 2113 1407 2185 lormida-
1464 2178 1467 2183 ,

338 2225 418 2316 bat,
437 2226 587 2299 fratrum
605 2251 644 2298 se
669 2225 807 2322 judicio
830 2225 1015 2299 humiliter
1038 2227 1214 2325 exposuit,
1233 2227 1407 2325 lacryma·

337 2337 461 2413 biliter
483 2341 669 2438 postulans
690 2355 731 2412 ut
750 2340 849 2438 quod
870 2342 907 2412 in
929 2366 992 2413 eos
1015 2340 1222 2438 deliquisset
1241 2342 1298 2414 vel
1314 2344 1405 2439 egis·

339 2469 396 2526 set
411 2455 658 2550 negligentius,
677 2470 839 2551 respectu
858 2455 1000 2551 pietatis
1014 2455 1049 2525 ei
1064 2455 1278 2528 relaxarent.
1295 2457 1405 2544 Quod

339 2570 469 2642 fratres
489 2595 616 2644 omnes
633 2572 788 2644 maxima
811 2595 893 2643 cum
911 2568 1104 2643 devotione
1129 2585 1166 2643 et
1192 2572 1336 2670 copiosa
1352 2572 1403 2643 la·

336 2709 544 2782 crymarum
559 2686 734 2760 effusione
750 2687 947 2782 gratissime
973 2685 1145 2758 lecerunt.
1165 2691 1242 2784 lpse
1258 2710 1403 2783 quoque

337 2801 615 2896 negligentiores
639 2827 814 2900 quosque,
836 2803 898 2897 qui
920 2825 989 2900 pro
1009 2800 1172 2898 quolibet
1188 2816 1290 2872 reatu
1306 2801 1401 2896 ligati

336 2917 590 3007 cernebantur,
601 2919 815 3014 cuicumque
827 2916 1087 3012 subjacuissent
1100 2917 1293 3004 sententie,
1306 2916 1402 2989 ultro

336 3047 373 3106 et
392 3032 670 3105 clementissime
686 3031 856 3122 absolvit,
874 3046 982 3129 atque
1005 3029 1176 3102 omnibus
1191 3045 1264 3102 tam
1279 3055 1400 3103 remo·

335 3147 382 3218 tis
412 3171 522 3244 quam
545 3146 780 3246 praesentibus
807 3149 845 3218 in
868 3147 1019 3242 gratiam
1044 3146 1164 3232 rediit,
1183 3171 1226 3218 ac
1241 3147 1400 3244 pristinis

335 3286 399 3334 eos
415 3261 543 3334 officiis
559 3276 595 3334 et
612 3263 781 3360 gradibus
796 3263 964 3335 restituit.
974 3264 1154 3359 Denique,
1171 3265 1398 3359 quantumin

335 3377 415 3476 ipso
429 3377 509 3470 suit,
525 3379 650 3450 multis
665 3378 834 3477 precibus
857 3394 933 3449 uta
950 3401 1037 3450 cura
1062 3377 1231 3474 pastorali
1254 3403 1401 3474 prorsus

333 3492 581 3566 absolveretur
594 3495 799 3593 concupivit
814 3509 850 3566 et
865 3494 967 3593 petiit
983 3523 992 3564 :
1016 3492 1080 3564 sed
1095 3491 1202 3588 hujus
1218 3493 1400 3590 petitionis

333 3631 518 3680 assensum
550 3634 571 3680 a
601 3609 769 3682 fratribus
793 3624 1006 3706 extorquere
1032 3607 1234 3679 nullatenus
1265 3612 1395 3706 potuit.

335 3727 419 3796 Post
433 3723 655 3820 aliquantum
672 3749 759 3798 vero
771 3725 958 3824 temporis,
978 3747 1061 3794 cum
1078 3747 1115 3794 se
1130 3721 1264 3795 morbo
1280 3724 1398 3795 acrius

333 3840 473 3913 videret
483 3840 636 3936 fatigari,
653 3857 689 3914 et
706 3845 714 3879 ¹
737 3841 872 3913 exitum
885 3864 992 3911 suum
1015 3839 1202 3910 imminere
1219 3853 1292 3910 tam
1310 3863 1396 3936 pro·

331 3957 410 4054 pria
423 3980 534 4051 quam
549 3957 774 4029 medicorum
789 3955 964 4028 sententia
978 3952 1219 4044 intellexisset,
1243 3953 1396 4025 familia-

331 4095 387 4144 res
415 4096 512 4164 suos,
531 4070 721 4144 dominum
740 4069 905 4142 videlicet
934 4068 1239 4158 Suessionensem,
1262 4071 1395 4142 Novio·

332 4211 495 4260 mensem
516 4203 552 4260 et
579 4188 881 4260 Silvanectensem
906 4183 1131 4256 venerabiles
1150 4184 1199 4255 ad
1218 4208 1255 4255 se
1277 4185 1398 4256 ascivit

332 4305 531 4403 episcopos;
548 4328 705 4401 quorum
723 4301 929 4375 testimonio
942 4297 997 4370 vel
1010 4298 1162 4370 consilio
1182 4299 1308 4372 domui
1324 4325 1396 4372 suae

372 4569 401 4626 t.
418 4571 468 4638 Ut,
482 4564 630 4640 mendose,
644 4563 714 4623 edit.
731 4559 823 4622 Felib.
