3742 5667
758 799 939 857 cunutus,
1319 797 1377 856 347

319 934 594 1022 canonicarum,
616 932 652 1003 in
666 929 727 1003 die
740 928 971 1003 anniversarii
997 927 1080 1018 mei,
1096 927 1188 999 sicut
1205 927 1378 1027 scriptum

320 1065 375 1122 est
390 1051 430 1122 in
454 1062 553 1121 carta
585 1046 786 1120 testamenti
807 1045 936 1137 nostri,
963 1041 1184 1118 concedant:
1203 1067 1247 1116 eo
1272 1059 1379 1141 pacto

320 1180 357 1239 et
372 1189 415 1238 ea
434 1163 684 1254 conventione,
702 1176 743 1233 ut
768 1162 804 1233 in
825 1159 886 1234 die
909 1159 1137 1233 anniversarii
1153 1159 1236 1250 mei,
1255 1157 1284 1230 si
1298 1161 1378 1232 Dei¹

317 1283 433 1382 pietas
445 1280 540 1353 inlra
556 1293 656 1378 septa
675 1279 780 1376 hujus
801 1275 955 1350 ecclesiae
981 1301 1038 1349 me
1057 1277 1197 1376 sepeliri
1210 1279 1379 1378 permise-

320 1399 380 1490 rit,
398 1398 502 1470 omni
525 1421 621 1468 anno
651 1395 698 1467 ad
722 1392 940 1493 sepulturam
968 1418 1085 1466 meam
1111 1397 1375 1485 convenientes,

319 1513 449 1586 animae
468 1537 555 1585 meae
569 1509 918 1584 commendationem
935 1523 972 1581 et
991 1510 1177 1582 missarum
1205 1510 1379 1583 solemnia

319 1633 413 1719 Deo,
430 1651 500 1725 pro
515 1627 677 1700 remedio
695 1624 901 1724 peccatricis
915 1625 1042 1697 anima
1064 1628 1181 1716 meae',
1200 1625 1375 1718 offerunt3

321 1746 374 1817 sin
388 1760 524 1833 autem,
542 1745 580 1815 in
600 1743 747 1816 ecclesia
761 1742 879 1815 Sancti
897 1740 1008 1814 Pauli.
1020 1741 1090 1814 Sed
1105 1757 1141 1815 et
1151 1743 1234 1816 ideo
1245 1743 1378 1817 nihilo·

319 1860 439 1931 minus
453 1859 530 1932 haec
545 1858 596 1930 eis
611 1858 863 1947 concessimus,
882 1872 922 1928 ut
939 1880 1005 1955 pro
1024 1856 1080 1930 his
1094 1873 1131 1931 et
1142 1859 1221 1931 aliis
1238 1857 1378 1932 benefi-

320 1975 397 2065 ciis,
414 1975 452 2045 in
468 1973 572 2046 obitu
593 1973 816 2070 singulorum
842 1973 991 2044 fratrum
1016 1988 1224 2047 nostrorum
1254 2000 1378 2048 mona-

290 2089 294 2095 ’
320 2090 471 2163 chorum
499 2088 606 2186 hujus
628 2089 796 2175 ecclesiae,
824 2088 871 2161 ad
890 2111 1045 2186 corpora
1069 2109 1195 2162 eornm
1216 2089 1379 2163 nondum

319 2202 456 2299 sepulta
485 2205 717 2293 conveniant,
736 2204 859 2300 ibique
875 2203 1225 2277 commendationem
1253 2205 1379 2278 animae

319 2317 451 2390 saciant
466 2334 503 2391 et
516 2318 564 2391 ad
583 2322 753 2392 Sanctum
775 2318 948 2391 Hilarium
974 2343 1043 2418 pro
1067 2345 1109 2393 ea
1124 2322 1268 2393 missam
1283 2321 1377 2394 cele·

318 2431 438 2505 brent.
470 2435 618 2508 sivero
646 2435 830 2508 ecclesiam
861 2435 966 2507 istam
996 2436 1082 2508 loris
1114 2438 1153 2507 in
1174 2436 1378 2511 obedientia

319 2551 518 2622 monachus
535 2567 657 2623 noster
671 2550 815 2640 finierit,
830 2550 993 2623 similiter
1018 2550 1113 2649 apud
1126 2555 1297 2625 Sanctum
1316 2552 1378 2623 Hi·

318 2664 448 2736 larinm
465 2667 582 2738 fratris
600 2666 714 2738 nostri
736 2665 809 2738 fine
838 2665 964 2738 audito
991 2669 1228 2759 conveniant;
1256 2668 1378 2764 ibique

317 2781 669 2854 commendationem
698 2783 825 2854 animae
846 2783 1036 2870 facientes,
1071 2785 1213 2856 missam
1241 2809 1310 2883 pro
1331 2808 1377 2857 eo

318 2893 512 2969 celebrent.
529 2902 599 2969 Pro
614 2896 862 2971 decantatione
875 2923 964 2971 uero
978 2898 1149 2989 Psalterii,
1168 2923 1278 2997 qnam
1294 2912 1376 2998 post

318 3011 511 3084 Matutinus
541 3027 682 3086 nostros
706 3039 745 3086 se
760 3037 835 3086 non
868 3038 972 3113 posse
997 3014 1112 3088 lacere
1135 3015 1253 3088 testati
1277 3029 1373 3104 sunt,

317 3141 642 3217 ammoneant,
671 3143 865 3226 postquam
895 3129 1008 3203 frater
1029 3145 1154 3202 noster
1186 3128 1377 3203 defunctus

316 3241 476 3339 sepultus
493 3242 615 3334 luerit,
641 3245 891 3316 incrastinum
909 3244 968 3316 vel
994 3245 1087 3318 infra
1114 3243 1274 3318 triduum
1294 3259 1377 3344 post

316 3357 536 3454 sepulturam
552 3359 628 3456 ejus
648 3362 861 3433 conveniant
885 3361 925 3432 in
948 3361 1094 3433 ecclesia
1121 3360 1242 3433 Sancti
1260 3360 1372 3450 Pauli,

316 3475 632 3546 etrestauratione⁸
652 3475 811 3548 Psalterii
822 3475 1173 3550 commendationem
1192 3475 1319 3548 animae
1338 3493 1374 3548 et

318 3588 460 3659 arissam
472 3614 542 3688 pro
555 3591 632 3688 ejus
643 3593 763 3664 anima
778 3593 910 3692 pariter
923 3591 1125 3666 decantent.
1146 3596 1218 3664 Nec
1230 3605 1375 3689 praeter-

317 3702 475 3775 eundum
506 3720 561 3776 est
582 3705 683 3802 qnod
704 3707 817 3779 Adam
839 3708 906 3805 piae
931 3708 1112 3780 memoriae
1133 3707 1244 3779 abbas
1258 3709 1295 3778 iu
1313 3705 1374 3778 de-

317 3819 492 3892 dicatione
506 3820 661 3894 ecclesiae
682 3821 778 3894 beati
792 3823 886 3894 Petri
911 3823 1034 3896 dotem
1050 3823 1210 3920 ejusdem
1225 3821 1372 3920 amplia-

317 3936 365 4004 vit
380 3957 449 4029 pro
463 3936 646 4007 Matutinis
661 3934 892 4010 decantandis
903 3939 941 4010 in
957 3937 1074 4034 vigilia
1084 3937 1184 4010 beati
1193 3937 1369 4034 Dionysii,

354 4158 383 4211 t.
398 4155 492 4230 Fidei,
508 4153 657 4227 mendose,
672 4154 794 4214 chartul.
811 4169 840 4215 et
850 4158 898 4215 ed.
913 4156 1004 4218 Felib.

355 4251 385 4305 2.
401 4249 471 4304 Haec
485 4246 586 4326 verba,
600 4250 618 4306 t
631 4252 897 4309 commendationem
906 4252 945 4310 ad
955 4257 1057 4309 aalma
1070 4271 1148 4326 mee,
1160 4249 1192 4310 in
1205 4247 1273 4312 edd.
1288 4249 1373 4309 amit-

318 4351 426 4401 tantur.

356 4435 386 4492 3.
400 4435 573 4493 llect'tatt'oae
586 4435 713 4494 correxit
725 4435 875 4499 chesnius.
891 4434 947 4497 Hic
956 4449 1053 4497 autem
1066 4457 1125 4497 vox
1137 4443 1307 4496 restauratr'o
1316 4455 1371 4517 pro

321 4531 485 4585 instauratio
499 4527 614 4588 ridetur
626 4540 755 4608 accepta.
770 4533 807 4593 V.
817 4529 919 4610 cangii
929 4528 1128 4604 Glossarium,
1143 4539 1178 4612 v!
1190 4533 1371 4590 Restauratto
