<?xml version="1.0" encoding="UTF-8"?>
<!DOCTYPE html PUBLIC "-//W3C//DTD XHTML 1.0 Transitional//EN"
    "http://www.w3.org/TR/xhtml1/DTD/xhtml1-transitional.dtd">
<html xmlns="http://www.w3.org/1999/xhtml" xml:lang="en" lang="en">
 <head>
  <title>
</title>
<meta http-equiv="Content-Type" content="text/html;charset=utf-8" />
  <meta name='ocr-system' content='tesseract 3.04.00' />
  <meta name='ocr-capabilities' content='ocr_page ocr_carea ocr_par ocr_line ocrx_word'/>
</head>
<body>
  <div class='ocr_page' id='page_1' title='image "./oeuvrescompltes00sugegoog_0054.png"; bbox 0 0 3742 5667; ppageno 0'>
   <div class='ocr_carea' id='block_1_1' title="bbox 490 805 1339 902">
    <p class='ocr_par' dir='ltr' id='par_1_1' title="bbox 490 805 1339 902">
     <span class='ocr_line' id='line_1_1' title="bbox 490 805 1339 902; baseline -0.007 -1"><span class='ocrx_word' id='word_1_1' title='bbox 490 845 528 902; x_wconf 83' lang='lat' dir='ltr'>ta</span> <span class='ocrx_word' id='word_1_2' title='bbox 706 833 866 895; x_wconf 77' lang='lat' dir='ltr'>mutans</span> <span class='ocrx_word' id='word_1_3' title='bbox 887 805 1112 894; x_wconf 68' lang='lat' dir='ltr'>COMPLtres</span> <span class='ocrx_word' id='word_1_4' title='bbox 1133 838 1182 894; x_wconf 82' lang='lat' dir='ltr'>nn</span> <span class='ocrx_word' id='word_1_5' title='bbox 1203 837 1339 896; x_wconf 79' lang='lat' dir='ltr'>sunna.</span> 
     </span>
    </p>
   </div>
   <div class='ocr_carea' id='block_1_2' title="bbox 481 967 1551 3970">
    <p class='ocr_par' dir='ltr' id='par_1_2' title="bbox 481 967 1551 3970">
     <span class='ocr_line' id='line_1_2' title="bbox 482 967 1550 1069; baseline -0.004 -26"><span class='ocrx_word' id='word_1_6' title='bbox 482 971 638 1069; x_wconf 85' lang='lat' dir='ltr'>juvenis,</span> <span class='ocrx_word' id='word_1_7' title='bbox 660 993 770 1068; x_wconf 90' lang='lat' dir='ltr'>quam</span> <span class='ocrx_word' id='word_1_8' title='bbox 788 967 834 1042; x_wconf 91' lang='lat' dir='ltr'>ad</span> <span class='ocrx_word' id='word_1_9' title='bbox 847 986 949 1040; x_wconf 81' lang='lat' dir='ltr'>arma</span> <span class='ocrx_word' id='word_1_10' title='bbox 962 987 1122 1060; x_wconf 87' lang='lat' dir='ltr'>currere,</span> <span class='ocrx_word' id='word_1_11' title='bbox 1138 991 1224 1040; x_wconf 90' lang='lat' dir='ltr'>eum</span> <span class='ocrx_word' id='word_1_12' title='bbox 1240 969 1363 1068; x_wconf 82' lang='lat' dir='ltr'>paucis</span> <span class='ocrx_word' id='word_1_13' title='bbox 1378 991 1472 1066; x_wconf 90' lang='lat' dir='ltr'>quos</span> <span class='ocrx_word' id='word_1_14' title='bbox 1487 995 1550 1068; x_wconf 81' lang='lat' dir='ltr'>po</span> 
     </span>
     <span class='ocr_line' id='line_1_3' title="bbox 488 1084 1549 1197; baseline -0.005 -37"><span class='ocrx_word' id='word_1_15' title='bbox 488 1087 557 1160; x_wconf 89' lang='lat' dir='ltr'>tuit</span> <span class='ocrx_word' id='word_1_16' title='bbox 574 1087 811 1178; x_wconf 81' lang='lat' dir='ltr'>retrocedere,</span> <span class='ocrx_word' id='word_1_17' title='bbox 831 1105 979 1158; x_wconf 84' lang='lat' dir='ltr'>murum</span> <span class='ocrx_word' id='word_1_18' title='bbox 993 1109 1031 1156; x_wconf 91' lang='lat' dir='ltr'>se</span> <span class='ocrx_word' id='word_1_19' title='bbox 1053 1109 1121 1197; x_wconf 92' lang='lat' dir='ltr'>pro</span> <span class='ocrx_word' id='word_1_20' title='bbox 1134 1084 1419 1183; x_wconf 58' lang='lat' dir='ltr'>precedentibus</span> <span class='ocrx_word' id='word_1_21' title='bbox 1434 1109 1549 1184; x_wconf 87' lang='lat' dir='ltr'>oppo-</span> 
     </span>
     <span class='ocr_line' id='line_1_4' title="bbox 488 1201 1546 1302; baseline 0 -27"><span class='ocrx_word' id='word_1_22' title='bbox 488 1228 585 1294; x_wconf 77' lang='lat' dir='ltr'>nere,</span> <span class='ocrx_word' id='word_1_23' title='bbox 605 1227 695 1302; x_wconf 83' lang='lat' dir='ltr'>saepe</span> <span class='ocrx_word' id='word_1_24' title='bbox 709 1203 845 1302; x_wconf 86' lang='lat' dir='ltr'>percuti</span> <span class='ocrx_word' id='word_1_25' title='bbox 861 1217 898 1276; x_wconf 90' lang='lat' dir='ltr'>et</span> <span class='ocrx_word' id='word_1_26' title='bbox 921 1227 1012 1300; x_wconf 84' lang='lat' dir='ltr'>saepe</span> <span class='ocrx_word' id='word_1_27' title='bbox 1025 1215 1211 1300; x_wconf 87' lang='lat' dir='ltr'>percutere</span> <span class='ocrx_word' id='word_1_28' title='bbox 1226 1201 1242 1273; x_wconf 79' lang='lat' dir='ltr'>l</span> <span class='ocrx_word' id='word_1_29' title='bbox 1256 1207 1390 1274; x_wconf 91' lang='lat' dir='ltr'>Verum</span> <span class='ocrx_word' id='word_1_30' title='bbox 1402 1202 1471 1274; x_wconf 88' lang='lat' dir='ltr'>etsi</span> <span class='ocrx_word' id='word_1_31' title='bbox 1484 1202 1546 1294; x_wconf 88' lang='lat' dir='ltr'>illi,</span> 
     </span>
     <span class='ocr_line' id='line_1_5' title="bbox 486 1319 1549 1419; baseline -0.001 -26"><span class='ocrx_word' id='word_1_32' title='bbox 486 1321 619 1419; x_wconf 91' lang='lat' dir='ltr'>quibus</span> <span class='ocrx_word' id='word_1_33' title='bbox 632 1319 886 1418; x_wconf 90' lang='lat' dir='ltr'>pereuntibus¹</span> <span class='ocrx_word' id='word_1_34' title='bbox 902 1320 979 1417; x_wconf 90' lang='lat' dir='ltr'>ipse</span> <span class='ocrx_word' id='word_1_35' title='bbox 994 1343 1121 1392; x_wconf 90' lang='lat' dir='ltr'>murus</span> <span class='ocrx_word' id='word_1_36' title='bbox 1136 1333 1224 1413; x_wconf 86' lang='lat' dir='ltr'>erat,</span> <span class='ocrx_word' id='word_1_37' title='bbox 1241 1319 1362 1417; x_wconf 88' lang='lat' dir='ltr'>quiete</span> <span class='ocrx_word' id='word_1_38' title='bbox 1377 1334 1414 1391; x_wconf 90' lang='lat' dir='ltr'>et</span> <span class='ocrx_word' id='word_1_39' title='bbox 1426 1343 1549 1392; x_wconf 89' lang='lat' dir='ltr'>secure</span> 
     </span>
     <span class='ocr_line' id='line_1_6' title="bbox 486 1433 1551 1534; baseline -0.002 -26"><span class='ocrx_word' id='word_1_40' title='bbox 486 1450 682 1534; x_wconf 88' lang='lat' dir='ltr'>potuerunt</span> <span class='ocrx_word' id='word_1_41' title='bbox 697 1435 830 1531; x_wconf 86' lang='lat' dir='ltr'>fugere,</span> <span class='ocrx_word' id='word_1_42' title='bbox 850 1443 985 1524; x_wconf 91' lang='lat' dir='ltr'>tamen,</span> <span class='ocrx_word' id='word_1_43' title='bbox 1004 1434 1089 1532; x_wconf 87' lang='lat' dir='ltr'>quia</span> <span class='ocrx_word' id='word_1_44' title='bbox 1108 1433 1215 1506; x_wconf 91' lang='lat' dir='ltr'>multi</span> <span class='ocrx_word' id='word_1_45' title='bbox 1228 1435 1401 1530; x_wconf 81' lang='lat' dir='ltr'><strong>gregatim</strong></span> <span class='ocrx_word' id='word_1_46' title='bbox 1422 1448 1460 1507; x_wconf 89' lang='lat' dir='ltr'>et</span> <span class='ocrx_word' id='word_1_47' title='bbox 1481 1433 1551 1506; x_wconf 88' lang='lat' dir='ltr'>dis-</span> 
     </span>
     <span class='ocr_line' id='line_1_7' title="bbox 486 1548 1550 1651; baseline -0.001 -27"><span class='ocrx_word' id='word_1_48' title='bbox 486 1577 587 1651; x_wconf 82' lang='lat' dir='ltr'>perse</span> <span class='ocrx_word' id='word_1_49' title='bbox 603 1551 728 1650; x_wconf 90' lang='lat' dir='ltr'>procul</span> <span class='ocrx_word' id='word_1_50' title='bbox 750 1549 796 1622; x_wconf 93' lang='lat' dir='ltr'>ab</span> <span class='ocrx_word' id='word_1_51' title='bbox 811 1575 855 1622; x_wconf 94' lang='lat' dir='ltr'>eo</span> <span class='ocrx_word' id='word_1_52' title='bbox 869 1550 1065 1646; x_wconf 81' lang='lat' dir='ltr'>fugiebant,</span> <span class='ocrx_word' id='word_1_53' title='bbox 1081 1548 1187 1621; x_wconf 93' lang='lat' dir='ltr'>multi</span> <span class='ocrx_word' id='word_1_54' title='bbox 1203 1549 1249 1622; x_wconf 92' lang='lat' dir='ltr'>ab</span> <span class='ocrx_word' id='word_1_55' title='bbox 1274 1549 1441 1622; x_wconf 82' lang='lat' dir='ltr'><strong>hostibus</strong></span> <span class='ocrx_word' id='word_1_56' title='bbox 1456 1553 1550 1649; x_wconf 86' lang='lat' dir='ltr'>capti</span> 
     </span>
     <span class='ocr_line' id='line_1_8' title="bbox 485 1664 1549 1764; baseline -0.005 -24"><span class='ocrx_word' id='word_1_57' title='bbox 485 1682 582 1740; x_wconf 91' lang='lat' dir='ltr'>sunt.</span> <span class='ocrx_word' id='word_1_58' title='bbox 611 1671 705 1740; x_wconf 88' lang='lat' dir='ltr'>lnter</span> <span class='ocrx_word' id='word_1_59' title='bbox 736 1691 826 1763; x_wconf 86' lang='lat' dir='ltr'>quos</span> <span class='ocrx_word' id='word_1_60' title='bbox 852 1665 1082 1737; x_wconf 76' lang='lat' dir='ltr'>excellentior</span> <span class='ocrx_word' id='word_1_61' title='bbox 1103 1680 1229 1762; x_wconf 87' lang='lat' dir='ltr'>captus</span> <span class='ocrx_word' id='word_1_62' title='bbox 1255 1664 1324 1737; x_wconf 90' lang='lat' dir='ltr'>fuit</span> <span class='ocrx_word' id='word_1_63' title='bbox 1346 1666 1423 1764; x_wconf 90' lang='lat' dir='ltr'>ipsc</span> <span class='ocrx_word' id='word_1_64' title='bbox 1445 1669 1549 1761; x_wconf 89' lang='lat' dir='ltr'>Hugo</span> 
     </span>
     <span class='ocr_line' id='line_1_9' title="bbox 483 1781 1549 1872; baseline -0.002 -17"><span class='ocrx_word' id='word_1_65' title='bbox 483 1783 801 1872; x_wconf 84' lang='lat' dir='ltr'>Clammontensis,</span> <span class='ocrx_word' id='word_1_66' title='bbox 827 1797 863 1854; x_wconf 92' lang='lat' dir='ltr'>et</span> <span class='ocrx_word' id='word_1_67' title='bbox 888 1781 1010 1854; x_wconf 87' lang='lat' dir='ltr'>Guido</span> <span class='ocrx_word' id='word_1_68' title='bbox 1033 1781 1330 1872; x_wconf 78' lang='lat' dir='ltr'>silvanectensis,</span> <span class='ocrx_word' id='word_1_69' title='bbox 1355 1781 1549 1854; x_wconf 87' lang='lat' dir='ltr'>Herluinus</span> 
     </span>
     <span class='ocr_line' id='line_1_10' title="bbox 486 1896 1551 1995; baseline 0.001 -25"><span class='ocrx_word' id='word_1_70' title='bbox 486 1899 702 1990; x_wconf 75' lang='lat' dir='ltr'>parisiensis,</span> <span class='ocrx_word' id='word_1_71' title='bbox 719 1914 756 1971; x_wconf 92' lang='lat' dir='ltr'>et</span> <span class='ocrx_word' id='word_1_72' title='bbox 771 1898 915 1970; x_wconf 88' lang='lat' dir='ltr'>obscuri</span> <span class='ocrx_word' id='word_1_73' title='bbox 931 1897 1090 1968; x_wconf 90' lang='lat' dir='ltr'>nominis</span> <span class='ocrx_word' id='word_1_74' title='bbox 1104 1896 1336 1995; x_wconf 84' lang='lat' dir='ltr'>quamplures</span> <span class='ocrx_word' id='word_1_75' title='bbox 1347 1898 1500 1994; x_wconf 86' lang='lat' dir='ltr'>gregarii</span> <span class='ocrx_word' id='word_1_76' title='bbox 1513 1914 1551 1971; x_wconf 91' lang='lat' dir='ltr'>et</span> 
     </span>
     <span class='ocr_line' id='line_1_11' title="bbox 483 2012 1546 2112; baseline 0.001 -27"><span class='ocrx_word' id='word_1_77' title='bbox 483 2014 656 2112; x_wconf 90' lang='lat' dir='ltr'>pedestris</span> <span class='ocrx_word' id='word_1_78' title='bbox 674 2015 849 2087; x_wconf 82' lang='lat' dir='ltr'>exercitus</span> <span class='ocrx_word' id='word_1_79' title='bbox 859 2012 976 2086; x_wconf 91' lang='lat' dir='ltr'>multi.</span> <span class='ocrx_word' id='word_1_80' title='bbox 996 2017 1072 2086; x_wconf 87' lang='lat' dir='ltr'>Hac</span> <span class='ocrx_word' id='word_1_81' title='bbox 1085 2013 1192 2109; x_wconf 91' lang='lat' dir='ltr'>igitur</span> <span class='ocrx_word' id='word_1_82' title='bbox 1208 2012 1387 2086; x_wconf 89' lang='lat' dir='ltr'>lacessitus</span> <span class='ocrx_word' id='word_1_83' title='bbox 1402 2014 1546 2110; x_wconf 89' lang='lat' dir='ltr'>injuria,</span> 
     </span>
     <span class='ocr_line' id='line_1_12' title="bbox 483 2128 1548 2227; baseline 0 -25"><span class='ocrx_word' id='word_1_84' title='bbox 483 2144 619 2227; x_wconf 88' lang='lat' dir='ltr'>quanto</span> <span class='ocrx_word' id='word_1_85' title='bbox 636 2129 736 2202; x_wconf 91' lang='lat' dir='ltr'>rudis</span> <span class='ocrx_word' id='word_1_86' title='bbox 763 2144 799 2202; x_wconf 94' lang='lat' dir='ltr'>et</span> <span class='ocrx_word' id='word_1_87' title='bbox 828 2129 972 2224; x_wconf 86' lang='lat' dir='ltr'>ignarus</span> <span class='ocrx_word' id='word_1_88' title='bbox 989 2128 1177 2201; x_wconf 83' lang='lat' dir='ltr'>infortunii</span> <span class='ocrx_word' id='word_1_89' title='bbox 1201 2128 1410 2225; x_wconf 86' lang='lat' dir='ltr'>hujusmodi</span> <span class='ocrx_word' id='word_1_90' title='bbox 1426 2129 1548 2202; x_wconf 86' lang='lat' dir='ltr'>bacte-</span> 
     </span>
     <span class='ocr_line' id='line_1_13' title="bbox 484 2243 1549 2339; baseline -0.001 -22"><span class='ocrx_word' id='word_1_91' title='bbox 484 2267 551 2317; x_wconf 92' lang='lat' dir='ltr'>nus</span> <span class='ocrx_word' id='word_1_92' title='bbox 569 2244 697 2339; x_wconf 88' lang='lat' dir='ltr'>fuerat,</span> <span class='ocrx_word' id='word_1_93' title='bbox 725 2260 825 2318; x_wconf 91' lang='lat' dir='ltr'>tanto</span> <span class='ocrx_word' id='word_1_94' title='bbox 849 2270 933 2316; x_wconf 92' lang='lat' dir='ltr'>cum</span> <span class='ocrx_word' id='word_1_95' title='bbox 956 2243 1297 2317; x_wconf 83' lang='lat' dir='ltr'>Parisius²redisset</span> <span class='ocrx_word' id='word_1_96' title='bbox 1321 2245 1411 2318; x_wconf 90' lang='lat' dir='ltr'>moti</span> <span class='ocrx_word' id='word_1_97' title='bbox 1437 2245 1549 2316; x_wconf 88' lang='lat' dir='ltr'>animi</span> 
     </span>
     <span class='ocr_line' id='line_1_14' title="bbox 484 2359 1545 2457; baseline 0 -25"><span class='ocrx_word' id='word_1_98' title='bbox 484 2359 673 2434; x_wconf 85' lang='lat' dir='ltr'>insolentia</span> <span class='ocrx_word' id='word_1_99' title='bbox 696 2360 970 2452; x_wconf 86' lang='lat' dir='ltr'>intumescebat,</span> <span class='ocrx_word' id='word_1_100' title='bbox 993 2375 1043 2452; x_wconf 90' lang='lat' dir='ltr'>et,</span> <span class='ocrx_word' id='word_1_101' title='bbox 1071 2375 1111 2432; x_wconf 90' lang='lat' dir='ltr'>ut</span> <span class='ocrx_word' id='word_1_102' title='bbox 1136 2360 1213 2457; x_wconf 81' lang='lat' dir='ltr'>ejus</span> <span class='ocrx_word' id='word_1_103' title='bbox 1237 2362 1352 2433; x_wconf 85' lang='lat' dir='ltr'>aetatis</span> <span class='ocrx_word' id='word_1_104' title='bbox 1372 2385 1455 2434; x_wconf 86' lang='lat' dir='ltr'>mos</span> <span class='ocrx_word' id='word_1_105' title='bbox 1478 2376 1545 2452; x_wconf 86' lang='lat' dir='ltr'>est,</span> 
     </span>
     <span class='ocr_line' id='line_1_15' title="bbox 481 2475 1543 2574; baseline -0.001 -26"><span class='ocrx_word' id='word_1_106' title='bbox 481 2476 513 2548; x_wconf 89' lang='lat' dir='ltr'>si</span> <span class='ocrx_word' id='word_1_107' title='bbox 529 2492 649 2548; x_wconf 86' lang='lat' dir='ltr'>tamen</span> <span class='ocrx_word' id='word_1_108' title='bbox 664 2478 710 2548; x_wconf 91' lang='lat' dir='ltr'>sit</span> <span class='ocrx_word' id='word_1_109' title='bbox 730 2477 903 2549; x_wconf 85' lang='lat' dir='ltr'>imitativa</span> <span class='ocrx_word' id='word_1_110' title='bbox 917 2478 928 2514; x_wconf 83' lang='lat'>⁸</span> <span class='ocrx_word' id='word_1_111' title='bbox 942 2475 1146 2574; x_wconf 90' lang='lat' dir='ltr'>probitatis,</span> <span class='ocrx_word' id='word_1_112' title='bbox 1164 2492 1287 2550; x_wconf 84' lang='lat' dir='ltr'>movet</span> <span class='ocrx_word' id='word_1_113' title='bbox 1303 2491 1341 2548; x_wconf 90' lang='lat' dir='ltr'>et</span> <span class='ocrx_word' id='word_1_114' title='bbox 1357 2491 1543 2550; x_wconf 87' lang='lat' dir='ltr'>movetur:</span> 
     </span>
     <span class='ocr_line' id='line_1_16' title="bbox 482 2591 1547 2690; baseline 0 -26"><span class='ocrx_word' id='word_1_115' title='bbox 482 2607 520 2664; x_wconf 90' lang='lat' dir='ltr'>et</span> <span class='ocrx_word' id='word_1_116' title='bbox 551 2607 591 2664; x_wconf 93' lang='lat' dir='ltr'>ut</span> <span class='ocrx_word' id='word_1_117' title='bbox 621 2593 692 2665; x_wconf 93' lang='lat' dir='ltr'>cito</span> <span class='ocrx_word' id='word_1_118' title='bbox 718 2593 886 2690; x_wconf 88' lang='lat' dir='ltr'>injuriam</span> <span class='ocrx_word' id='word_1_119' title='bbox 910 2591 1105 2665; x_wconf 84' lang='lat' dir='ltr'>ulciscatur</span> <span class='ocrx_word' id='word_1_120' title='bbox 1121 2609 1329 2685; x_wconf 75' lang='lat' dir='ltr'>exaestuans,</span> <span class='ocrx_word' id='word_1_121' title='bbox 1350 2593 1547 2665; x_wconf 84' lang='lat' dir='ltr'>undecum-</span> 
     </span>
     <span class='ocr_line' id='line_1_17' title="bbox 484 2709 1546 2808; baseline 0.002 -27"><span class='ocrx_word' id='word_1_122' title='bbox 484 2731 554 2806; x_wconf 90' lang='lat' dir='ltr'>que</span> <span class='ocrx_word' id='word_1_123' title='bbox 585 2709 792 2808; x_wconf 74' lang='lat' dir='ltr'>triplicato⁸</span> <span class='ocrx_word' id='word_1_124' title='bbox 817 2709 974 2782; x_wconf 74' lang='lat' dir='ltr'>exercitu</span> <span class='ocrx_word' id='word_1_125' title='bbox 1006 2711 1177 2805; x_wconf 86' lang='lat' dir='ltr'>sagaciter</span> <span class='ocrx_word' id='word_1_126' title='bbox 1199 2735 1300 2806; x_wconf 81' lang='lat' dir='ltr'>aeque</span> <span class='ocrx_word' id='word_1_127' title='bbox 1323 2724 1364 2781; x_wconf 89' lang='lat' dir='ltr'>ut</span> <span class='ocrx_word' id='word_1_128' title='bbox 1388 2710 1546 2808; x_wconf 87' lang='lat' dir='ltr'>pruden·</span> 
     </span>
     <span class='ocr_line' id='line_1_18' title="bbox 485 2823 1545 2922; baseline 0.004 -27"><span class='ocrx_word' id='word_1_129' title='bbox 485 2837 550 2914; x_wconf 90' lang='lat' dir='ltr'>ter,</span> <span class='ocrx_word' id='word_1_130' title='bbox 586 2823 716 2897; x_wconf 91' lang='lat' dir='ltr'>crebro</span> <span class='ocrx_word' id='word_1_131' title='bbox 750 2826 946 2920; x_wconf 80' lang='lat' dir='ltr'>ingeminat</span> <span class='ocrx_word' id='word_1_132' title='bbox 972 2825 1142 2922; x_wconf 91' lang='lat' dir='ltr'>suspirio,</span> <span class='ocrx_word' id='word_1_133' title='bbox 1181 2824 1366 2898; x_wconf 88' lang='lat' dir='ltr'>decentius</span> <span class='ocrx_word' id='word_1_134' title='bbox 1389 2841 1545 2899; x_wconf 90' lang='lat' dir='ltr'>mortem</span> 
     </span>
     <span class='ocr_line' id='line_1_19' title="bbox 483 2940 1546 3037; baseline 0.004 -26"><span class='ocrx_word' id='word_1_135' title='bbox 483 2963 593 3037; x_wconf 88' lang='lat' dir='ltr'>quam</span> <span class='ocrx_word' id='word_1_136' title='bbox 612 2940 863 3012; x_wconf 84' lang='lat' dir='ltr'>verecundiam</span> <span class='ocrx_word' id='word_1_137' title='bbox 884 2942 1071 3013; x_wconf 89' lang='lat' dir='ltr'>sustinere.</span> <span class='ocrx_word' id='word_1_138' title='bbox 1104 2940 1215 3029; x_wconf 89' lang='lat' dir='ltr'>Quod</span> <span class='ocrx_word' id='word_1_139' title='bbox 1235 2966 1321 3014; x_wconf 91' lang='lat' dir='ltr'>cum</span> <span class='ocrx_word' id='word_1_140' title='bbox 1344 2942 1546 3015; x_wconf 91' lang='lat' dir='ltr'>amicorum</span> 
     </span>
     <span class='ocr_line' id='line_1_20' title="bbox 483 3054 1546 3156; baseline 0.004 -28"><span class='ocrx_word' id='word_1_141' title='bbox 483 3054 655 3129; x_wconf 88' lang='lat' dir='ltr'>relatione</span> <span class='ocrx_word' id='word_1_142' title='bbox 680 3057 911 3156; x_wconf 89' lang='lat' dir='ltr'>comperisset</span> <span class='ocrx_word' id='word_1_143' title='bbox 940 3082 1061 3130; x_wconf 89' lang='lat' dir='ltr'>comes</span> <span class='ocrx_word' id='word_1_144' title='bbox 1083 3058 1283 3148; x_wconf 73' lang='lat' dir='ltr'>Mattheus,</span> <span class='ocrx_word' id='word_1_145' title='bbox 1310 3074 1350 3130; x_wconf 93' lang='lat' dir='ltr'>ut</span> <span class='ocrx_word' id='word_1_146' title='bbox 1376 3073 1452 3131; x_wconf 88' lang='lat' dir='ltr'>erat</span> <span class='ocrx_word' id='word_1_147' title='bbox 1474 3059 1546 3132; x_wconf 90' lang='lat' dir='ltr'>ele·</span> 
     </span>
     <span class='ocr_line' id='line_1_21' title="bbox 483 3171 1546 3270; baseline 0.005 -27"><span class='ocrx_word' id='word_1_148' title='bbox 483 3197 569 3268; x_wconf 89' lang='lat' dir='ltr'>gans</span> <span class='ocrx_word' id='word_1_149' title='bbox 585 3172 639 3243; x_wconf 81' lang='lat' dir='ltr'>vir</span> <span class='ocrx_word' id='word_1_150' title='bbox 653 3185 689 3243; x_wconf 93' lang='lat' dir='ltr'>et</span> <span class='ocrx_word' id='word_1_151' title='bbox 707 3171 855 3262; x_wconf 81' lang='lat' dir='ltr'>facetus,</span> <span class='ocrx_word' id='word_1_152' title='bbox 872 3173 1062 3270; x_wconf 89' lang='lat' dir='ltr'>impatiens</span> <span class='ocrx_word' id='word_1_153' title='bbox 1077 3173 1301 3246; x_wconf 81' lang='lat' dir='ltr'>verecundiae</span> <span class='ocrx_word' id='word_1_154' title='bbox 1315 3174 1546 3248; x_wconf 90' lang='lat' dir='ltr'>accidentalis</span> 
     </span>
     <span class='ocr_line' id='line_1_22' title="bbox 483 3287 1546 3389; baseline 0.003 -28"><span class='ocrx_word' id='word_1_155' title='bbox 483 3287 621 3361; x_wconf 89' lang='lat' dir='ltr'>domini</span> <span class='ocrx_word' id='word_1_156' title='bbox 647 3288 715 3378; x_wconf 91' lang='lat' dir='ltr'>sui,</span> <span class='ocrx_word' id='word_1_157' title='bbox 734 3287 974 3386; x_wconf 90' lang='lat' dir='ltr'>multiplicato</span> <span class='ocrx_word' id='word_1_158' title='bbox 995 3290 1243 3384; x_wconf 78' lang='lat' dir='ltr'>intercessore,</span> <span class='ocrx_word' id='word_1_159' title='bbox 1267 3292 1364 3363; x_wconf 80' lang='lat' dir='ltr'>viam</span> <span class='ocrx_word' id='word_1_160' title='bbox 1379 3293 1477 3389; x_wconf 86' lang='lat' dir='ltr'>pacis</span> <span class='ocrx_word' id='word_1_161' title='bbox 1491 3293 1546 3364; x_wconf 86' lang='lat' dir='ltr'>af·</span> 
     </span>
     <span class='ocr_line' id='line_1_23' title="bbox 483 3403 1547 3503; baseline 0.005 -27"><span class='ocrx_word' id='word_1_162' title='bbox 483 3405 614 3477; x_wconf 90' lang='lat' dir='ltr'>fectare</span> <span class='ocrx_word' id='word_1_163' title='bbox 630 3427 860 3503; x_wconf 91' lang='lat' dir='ltr'>summopere</span> <span class='ocrx_word' id='word_1_164' title='bbox 878 3403 1077 3501; x_wconf 84' lang='lat' dir='ltr'>investigat.</span> <span class='ocrx_word' id='word_1_165' title='bbox 1099 3406 1210 3479; x_wconf 87' lang='lat' dir='ltr'>Multa</span> <span class='ocrx_word' id='word_1_166' title='bbox 1229 3405 1435 3500; x_wconf 86' lang='lat' dir='ltr'>dulcedine,</span> <span class='ocrx_word' id='word_1_167' title='bbox 1453 3407 1547 3481; x_wconf 82' lang='lat' dir='ltr'>mul-</span> 
     </span>
     <span class='ocr_line' id='line_1_24' title="bbox 482 3516 1545 3617; baseline 0.004 -24"><span class='ocrx_word' id='word_1_168' title='bbox 482 3517 527 3593; x_wconf 83' lang='lat' dir='ltr'>tis</span> <span class='ocrx_word' id='word_1_169' title='bbox 542 3516 797 3592; x_wconf 86' lang='lat' dir='ltr'>blandimentis</span> <span class='ocrx_word' id='word_1_170' title='bbox 809 3521 974 3593; x_wconf 86' lang='lat' dir='ltr'>animum</span> <span class='ocrx_word' id='word_1_171' title='bbox 985 3523 1181 3617; x_wconf 85' lang='lat' dir='ltr'>juvenilem</span> <span class='ocrx_word' id='word_1_172' title='bbox 1205 3522 1408 3596; x_wconf 88' lang='lat' dir='ltr'>demulcere</span> <span class='ocrx_word' id='word_1_173' title='bbox 1424 3524 1545 3597; x_wconf 85' lang='lat' dir='ltr'>elabo-</span> 
     </span>
     <span class='ocr_line' id='line_1_25' title="bbox 481 3635 1542 3730; baseline 0.004 -22"><span class='ocrx_word' id='word_1_174' title='bbox 481 3653 537 3709; x_wconf 87' lang='lat' dir='ltr'>rat</span> <span class='ocrx_word' id='word_1_175' title='bbox 549 3637 632 3708; x_wconf 88' lang='lat' dir='ltr'>satis</span> <span class='ocrx_word' id='word_1_176' title='bbox 643 3637 916 3709; x_wconf 86' lang='lat' dir='ltr'>convenienter:</span> <span class='ocrx_word' id='word_1_177' title='bbox 932 3637 1031 3710; x_wconf 85' lang='lat' dir='ltr'>nulla</span> <span class='ocrx_word' id='word_1_178' title='bbox 1043 3638 1114 3710; x_wconf 92' lang='lat' dir='ltr'>boc</span> <span class='ocrx_word' id='word_1_179' title='bbox 1124 3639 1257 3711; x_wconf 87' lang='lat' dir='ltr'>factum</span> <span class='ocrx_word' id='word_1_180' title='bbox 1271 3635 1542 3730; x_wconf 84' lang='lat' dir='ltr'>deliberatione,</span> 
     </span>
     <span class='ocr_line' id='line_1_26' title="bbox 482 3741 1544 3855; baseline 0.006 -31"><span class='ocrx_word' id='word_1_181' title='bbox 482 3747 545 3824; x_wconf 90' lang='lat' dir='ltr'>sed</span> <span class='ocrx_word' id='word_1_182' title='bbox 568 3777 610 3823; x_wconf 85' lang='lat' dir='ltr'>ex</span> <span class='ocrx_word' id='word_1_183' title='bbox 625 3753 847 3847; x_wconf 86' lang='lat' dir='ltr'>contingenti</span> <span class='ocrx_word' id='word_1_184' title='bbox 868 3753 1053 3846; x_wconf 85' lang='lat' dir='ltr'>accidisse,</span> <span class='ocrx_word' id='word_1_185' title='bbox 1071 3741 1241 3851; x_wconf 86' lang='lat' dir='ltr'>injuriam</span> <span class='ocrx_word' id='word_1_186' title='bbox 1258 3771 1415 3846; x_wconf 79' lang='lat' dir='ltr'>excusat,</span> <span class='ocrx_word' id='word_1_187' title='bbox 1433 3780 1544 3855; x_wconf 85' lang='lat' dir='ltr'>seque</span> 
     </span>
     <span class='ocr_line' id='line_1_27' title="bbox 481 3867 1542 3970; baseline 0.006 -30"><span class='ocrx_word' id='word_1_188' title='bbox 481 3891 637 3968; x_wconf 88' lang='lat' dir='ltr'>pronum</span> <span class='ocrx_word' id='word_1_189' title='bbox 669 3867 716 3939; x_wconf 91' lang='lat' dir='ltr'>ad</span> <span class='ocrx_word' id='word_1_190' title='bbox 736 3868 812 3965; x_wconf 89' lang='lat' dir='ltr'>ejus</span> <span class='ocrx_word' id='word_1_191' title='bbox 846 3883 977 3941; x_wconf 90' lang='lat' dir='ltr'>nutum</span> <span class='ocrx_word' id='word_1_192' title='bbox 1004 3870 1236 3944; x_wconf 87' lang='lat' dir='ltr'>satisfactioni</span> <span class='ocrx_word' id='word_1_193' title='bbox 1265 3887 1472 3970; x_wconf 73' lang='lat' dir='ltr'>presentat.</span> <span class='ocrx_word' id='word_1_194' title='bbox 1500 3879 1542 3946; x_wconf 88' lang='lat' dir='ltr'>ln</span> 
     </span>
    </p>
   </div>
   <div class='ocr_carea' id='block_1_3' title="bbox 477 4093 1542 4640">
    <p class='ocr_par' dir='ltr' id='par_1_3' title="bbox 477 4093 1542 4246">
     <span class='ocr_line' id='line_1_28' title="bbox 520 4093 1542 4175; baseline 0.011 -24"><span class='ocrx_word' id='word_1_195' title='bbox 520 4096 548 4155; x_wconf 82' lang='lat' dir='ltr'>l.</span> <span class='ocrx_word' id='word_1_196' title='bbox 570 4095 763 4158; x_wconf 71' lang='lat' dir='ltr'>Praesentibus</span> <span class='ocrx_word' id='word_1_197' title='bbox 782 4093 840 4175; x_wconf 83' lang='lat' dir='ltr'>legi</span> <span class='ocrx_word' id='word_1_198' title='bbox 862 4093 964 4156; x_wconf 86' lang='lat' dir='ltr'>volunt</span> <span class='ocrx_word' id='word_1_199' title='bbox 984 4096 1177 4173; x_wconf 83' lang='lat' dir='ltr'>Benedictiui,</span> <span class='ocrx_word' id='word_1_200' title='bbox 1198 4098 1266 4159; x_wconf 83' lang='lat' dir='ltr'>lieet</span> <span class='ocrx_word' id='word_1_201' title='bbox 1284 4098 1415 4160; x_wconf 86' lang='lat' dir='ltr'>abnuant</span> <span class='ocrx_word' id='word_1_202' title='bbox 1437 4117 1542 4163; x_wconf 79' lang='lat' dir='ltr'>omnes</span> 
     </span>
     <span class='ocr_line' id='line_1_29' title="bbox 477 4185 601 4246; baseline 0.016 -2"><span class='ocrx_word' id='word_1_203' title='bbox 477 4185 601 4246; x_wconf 79' lang='lat' dir='ltr'>codices.</span> 
     </span>
    </p>

    <p class='ocr_par' dir='ltr' id='par_1_4' title="bbox 518 4282 870 4343">
     <span class='ocr_line' id='line_1_30' title="bbox 518 4282 870 4343; baseline 0.011 -7"><span class='ocrx_word' id='word_1_204' title='bbox 518 4282 548 4338; x_wconf 76' lang='lat'>2.</span> <span class='ocrx_word' id='word_1_205' title='bbox 571 4286 698 4340; x_wconf 81' lang='lat' dir='ltr'>Parr&#39;sfos</span> <span class='ocrx_word' id='word_1_206' title='bbox 709 4284 757 4343; x_wconf 87' lang='lat' dir='ltr'>ed.</span> <span class='ocrx_word' id='word_1_207' title='bbox 771 4285 870 4343; x_wconf 77' lang='lat' dir='ltr'>Germ.</span> 
     </span>
    </p>

    <p class='ocr_par' dir='ltr' id='par_1_5' title="bbox 477 4374 1538 4553">
     <span class='ocr_line' id='line_1_31' title="bbox 518 4374 1538 4448; baseline 0.016 -21"><span class='ocrx_word' id='word_1_208' title='bbox 518 4379 547 4430; x_wconf 67' lang='lat' dir='ltr'>tt.</span> <span class='ocrx_word' id='word_1_209' title='bbox 570 4376 742 4446; x_wconf 67' lang='lat' dir='ltr'>lastemarico,</span> <span class='ocrx_word' id='word_1_210' title='bbox 756 4374 842 4448; x_wconf 75' lang='lat' dir='ltr'>nale,</span> <span class='ocrx_word' id='word_1_211' title='bbox 860 4379 970 4436; x_wconf 75' lang='lat' dir='ltr'>tatto.</span> <span class='ocrx_word' id='word_1_212' title='bbox 982 4407 1023 4424; x_wconf 89' lang='lat'>-·</span> <span class='ocrx_word' id='word_1_213' title='bbox 1036 4380 1180 4436; x_wconf 80' lang='lat' dir='ltr'>Mutatc&#39;va</span> <span class='ocrx_word' id='word_1_214' title='bbox 1197 4379 1265 4438; x_wconf 81' lang='lat' dir='ltr'>edd.</span> <span class='ocrx_word' id='word_1_215' title='bbox 1284 4381 1385 4440; x_wconf 74' lang='lat' dir='ltr'>Germ.</span> <span class='ocrx_word' id='word_1_216' title='bbox 1399 4393 1430 4440; x_wconf 86' lang='lat' dir='ltr'>et</span> <span class='ocrx_word' id='word_1_217' title='bbox 1446 4382 1538 4444; x_wconf 81' lang='lat' dir='ltr'>Ches-</span> 
     </span>
     <span class='ocr_line' id='line_1_32' title="bbox 477 4467 1164 4553; baseline 0.016 -29"><span class='ocrx_word' id='word_1_218' title='bbox 477 4467 527 4539; x_wconf 87' lang='lat' dir='ltr'>nii,</span> <span class='ocrx_word' id='word_1_219' title='bbox 541 4467 593 4546; x_wconf 90' lang='lat' dir='ltr'>qui</span> <span class='ocrx_word' id='word_1_220' title='bbox 606 4467 637 4528; x_wconf 90' lang='lat' dir='ltr'>in</span> <span class='ocrx_word' id='word_1_221' title='bbox 650 4472 745 4530; x_wconf 84' lang='lat' dir='ltr'>textds</span> <span class='ocrx_word' id='word_1_222' title='bbox 756 4470 887 4550; x_wconf 83' lang='lat' dir='ltr'>margine</span> <span class='ocrx_word' id='word_1_223' title='bbox 899 4468 1001 4553; x_wconf 84' lang='lat' dir='ltr'>adjicit</span> <span class='ocrx_word' id='word_1_224' title='bbox 1013 4480 1164 4535; x_wconf 71' lang='lat' dir='ltr'>imitativa.</span> 
     </span>
    </p>

    <p class='ocr_par' dir='ltr' id='par_1_6' title="bbox 516 4565 881 4640">
     <span class='ocr_line' id='line_1_33' title="bbox 516 4565 881 4640; baseline 0.005 -20"><span class='ocrx_word' id='word_1_225' title='bbox 516 4565 545 4622; x_wconf 76' lang='lat' dir='ltr'>lt.</span> <span class='ocrx_word' id='word_1_226' title='bbox 568 4569 759 4640; x_wconf 80' lang='lat' dir='ltr'>E.rtr1&#39;plfcnfn</span> <span class='ocrx_word' id='word_1_227' title='bbox 772 4570 881 4625; x_wconf 79' lang='lat'><strong>12710.</strong></span> 
     </span>
    </p>
   </div>
   <div class='ocr_carea' id='block_1_4' title="bbox 0 0 1876 5667">
    <p class='ocr_par' dir='ltr' id='par_1_7' title="bbox 0 0 1876 5667">
     <span class='ocr_line' id='line_1_34' title="bbox 0 0 1876 5667; baseline 0 3"><span class='ocrx_word' id='word_1_228' title='bbox 0 0 1876 5667; x_wconf 95' lang='lat' dir='ltr'> </span> 
     </span>
    </p>
   </div>
  </div>
 </body>
</html>
