3742 5667
578 772 640 827 vlu
661 773 711 827 DE
730 770 841 829 IDUIS
859 771 905 829 tlt
925 772 1035 830 GROS.
1279 776 1335 833 111)

268 896 347 971 sola
370 899 468 974 linea
486 901 634 975 culcitra
658 901 842 975 decubuit.
875 906 1038 1000 Cumque
1068 926 1152 975 eum
1172 901 1218 976 de
1237 918 1337 977 tanto

269 1015 472 1108 tantillum,
504 1021 557 1090 et¹
582 1017 629 1089 de
659 1034 734 1090 tam
756 1018 832 1091 alto
859 1033 935 1091 tam
963 1018 1152 1110 humilem,
1178 1021 1337 1093 humano

270 1156 379 1205 more
400 1159 460 1206 me
483 1132 616 1207 deflere
644 1136 941 1233 conspicaretur:
963 1162 982 1204 u
1000 1134 1098 1227 Noli,
1121 1135 1258 1233 inquit,
1280 1161 1340 1208 ca·

273 1278 291 1316 ι
313 1248 461 1321 tissime
480 1251 607 1338 amice,
631 1274 740 1349 super
756 1274 817 1323 me
831 1250 977 1341 deilere,
1000 1250 1087 1347 quin
1113 1251 1233 1350 potius
1246 1251 1341 1323 exul-

273 1391 294 1433 «
312 1363 433 1437 tando
454 1364 623 1461 gaudere,
642 1364 743 1463 quod
759 1367 825 1438 Dei
840 1365 1085 1439 misericordia
1100 1367 1261 1466 prestitit
1280 1391 1340 1439 me

276 1503 294 1543 ι
313 1472 352 1546 in
370 1474 452 1571 ejus
467 1500 672 1567 occursum,
694 1477 785 1549 sicut
797 1475 910 1568 vides,
930 1502 1155 1577 praeparasse.
1174 1508 1192 1545 s

321 1588 440 1663 Cum'
452 1605 574 1663 autem
587 1591 757 1690 paulatim
766 1592 813 1665 ad
825 1592 1107 1667 incolumitatem
1116 1592 1339 1691 respiraret',

274 1724 349 1797 quo
375 1704 501 1799 potuit
530 1702 709 1795 vehiculo,
733 1728 846 1805 prope
874 1703 1090 1777 lllilidunum
1119 1704 1166 1777 ad
1191 1702 1342 1777 fluvium

274 1816 467 1911 Sequanae,
495 1816 769 1889 occurrentibus
782 1828 818 1887 et
840 1816 1139 1889 concurrentibus
1161 1840 1228 1916 per
1246 1816 1341 1887 viam

278 1929 311 2001 ei
335 1926 488 2000 obviam
511 1945 547 2002 et
568 1934 647 2003 Deo
671 1956 861 2029 personam
886 1931 963 2027 ejus
989 1930 1340 2021 commendantibus,

280 2043 472 2116 amstellis
491 2059 528 2116 et
543 2044 644 2137 vicis,
663 2061 699 2118 et
715 2043 847 2118 relictis
861 2046 999 2135 aratris,
1017 2044 1255 2119 devotissimis
1270 2070 1344 2144 po·

281 2158 375 2258 pulis
399 2156 534 2257 quibus
556 2183 682 2257 pacem
700 2172 981 2249 conservaverat,
1001 2158 1204 2233 descendit:
1224 2160 1344 2259 sicque

283 2273 330 2349 ob
347 2298 515 2346 amorem
527 2289 734 2347 sanctorum
749 2278 948 2373 Martyrum
961 2298 1054 2371 quos
1068 2275 1211 2349 visitare
1224 2290 1260 2347 et
1272 2300 1346 2372 gra-

287 2404 338 2463 tes
368 2387 523 2461 reddere
555 2386 800 2481 desiderabat,
831 2389 1024 2462 deveniens
1054 2390 1234 2481 citissime,
1268 2394 1345 2462 Deo

288 2505 458 2596 donante,
487 2529 596 2602 eques
614 2504 661 2576 ad
684 2529 746 2577 eos
768 2504 944 2604 pervenit.
972 2506 1085 2593 Quia
1112 2503 1283 2577 iratribus
1310 2518 1347 2577 et

287 2644 378 2722 pene
397 2633 473 2693 tota
488 2622 602 2719 patria
620 2635 792 2718 tanquam
817 2620 996 2720 piissimus
1017 2621 1172 2693 ecclesiae
1191 2634 1347 2720 pateret

291 2752 325 2810 et
342 2735 475 2809 nobilis
496 2736 667 2809 defensor
680 2736 887 2809 solemniter
900 2752 937 2809 et
950 2734 1178 2809 devotissime
1202 2760 1346 2835 suscep·

292 2866 358 2943 tus,
391 2852 622 2925 sanctissimis
648 2850 863 2949 Martyribus
899 2850 1100 2924 humillime
1131 2867 1344 2951 prostratus,

292 2968 425 3039 votivas
444 2991 513 3066 pro
536 2967 706 3066 impensis
721 2965 905 3039 beneficiis
921 2982 958 3039 et
982 2966 1130 3039 devotas
1155 2968 1348 3064 gratiarum
1381 2972 1384 2977 ’

295 3083 448 3155 actiones
474 3081 731 3179 lachrymando
763 3081 948 3180 persolvit,
981 3097 1018 3155 et
1048 3096 1089 3154 ut
1118 3080 1286 3181 deinceps
1315 3080 1349 3153 ei

295 3198 504 3298 provideant
522 3196 727 3270 humillime
743 3196 997 3296 interpellavit.
1016 3202 1178 3296 Cumque
1191 3213 1348 3271 castrum

297 3314 536 3387 bestisiacum⁸
549 3314 779 3411 pervenisset,
793 3312 956 3386 celeriter
972 3313 1151 3387 subsecuti
1167 3329 1249 3387 sunt
1265 3337 1348 3385 eum

299 3432 414 3503 nuncii
436 3429 619 3503 Guillelmi
639 3428 741 3501 ducis
763 3430 969 3526 Aquitaniae,
988 3429 1243 3503 denunciantes
1258 3454 1348 3501 eun·

300 3543 377 3617 dem
391 3544 523 3619 ducem
535 3544 582 3618 ad
598 3559 761 3617 sanctum
785 3542 962 3616 lacobum
979 3568 1124 3642 peregre
1147 3542 1350 3642 proiectum

301 3662 402 3733 invia
415 3661 642 3758 demigrasse,
662 3658 725 3733 sed
741 3673 936 3756 antequam
957 3660 1022 3732 iter
1033 3658 1295 3755 aggrederetur,
1314 3672 1351 3730 et

303 3777 403 3849 etiam
418 3779 457 3850 in
468 3778 595 3850 itincre
607 3776 778 3868 moriens,
794 3774 905 3847 liliam
920 3774 1181 3848 nobilissimam
1195 3774 1351 3872 puellam

305 3890 440 3961 nomine
468 3888 634 3962 Alienor'
662 3885 975 3985 desponsandam,
1007 3901 1190 3985 totamque
1218 3901 1351 3958 terram

305 4028 395 4076 suam
421 4003 541 4077 eidem
567 4002 789 4077 retinendam
811 4017 847 4075 et
869 4001 1085 4075 deliberasse
1099 4016 1136 4074 et
1162 4002 1348 4076 dimisisse.

341 4214 369 4272 1.
380 4216 419 4271 m
432 4210 514 4271 deest
527 4210 559 4270 in
569 4208 655 4273 codd.
672 4212 730 4271 sta
744 4228 778 4269 ac
789 4212 900 4271 tatto.

341 4306 369 4367 2.
385 4310 494 4366 71111·
502 4310 584 4364 lectio
594 4306 625 4365 in
639 4305 707 4364 cod.
721 4308 779 4365 tta
788 4302 930 4382 margine.
947 4306 1017 4380 Quae
1029 4301 1116 4363 lectio
1132 4303 1201 4363 inde
1214 4302 1352 4363 adfinem

309 4396 369 4459 libri
380 4398 572 4479 protenditur.
588 4432 628 4446 —
649 4402 680 4461 3.
694 4404 872 4476 &spirasset
885 4401 995 4461 latta.
1215 4412 1218 4421 ·

345 4496 372 4554 i.
393 4498 474 4555 Nunc
486 4492 729 4575 Be'tltisy(01'sc).
744 4524 785 4538 -
796 4492 828 4555 5.
839 4494 937 4552 Aancr
953 4494 1011 4552 tta
1026 4502 1055 4552 et
1070 4492 1180 4552 11110.

1199 4598 1235 4657 to
