3742 5667
716 838 779 898 vsst
798 837 849 894 Dii
869 837 1006 900 suum.
1328 841 1386 898 38⁰

312 962 401 1056 dus,
417 982 458 1040 et
475 969 628 1066 diligens
640 974 693 1042 sui
709 967 870 1042 custodia
888 967 935 1039 ad
963 983 1181 1042 senectutem
1196 994 1294 1063 eum,
1310 975 1387 1044 Deo

307 1083 488 1178 juvante,
520 1086 720 1186 produxit¹.
738 1085 847 1156 Cibus
874 1084 968 1156 illius
993 1109 1061 1158 nec
1091 1087 1175 1158 satis
1203 1085 1294 1177 vilis,
1322 1113 1387 1160 nec

312 1200 404 1272 satis
447 1203 666 1302 exquisitus,
696 1205 887 1298 Nunquam
930 1198 977 1272 de
1020 1200 1188 1298 qualitate
1228 1217 1390 1275 causatus

313 1331 385 1403 est,
423 1343 618 1417 nunquam
633 1316 679 1389 de
697 1329 886 1415 apparatus
906 1339 1044 1410 genere.
1072 1319 1124 1388 De
1143 1315 1289 1412 singulis
1308 1341 1388 1416 quae

312 1433 604 1530 apponebantur
629 1432 680 1504 illi
705 1431 890 1503 modicum
908 1429 995 1528 quid
1012 1430 1247 1530 praegustabat
1272 1459 1280 1503 ε
1305 1431 1387 1506 reli-

313 1572 441 1645 quum
475 1547 736 1622 transmittebat
763 1543 993 1646 pauperibus,
1012 1547 1102 1642 sine
1133 1546 1264 1644 quibus
1293 1575 1386 1621 nun-

317 1687 440 1760 quam
467 1664 571 1736 illum
595 1663 668 1736 vidi
693 1661 805 1734 refici.
828 1665 897 1732 Esu
925 1661 1087 1734 carnium
1117 1687 1301 1760 nunquam
1336 1679 1390 1736 est

317 1802 427 1870 usus,
448 1781 518 1852 nisi
535 1803 619 1852 cum
631 1777 736 1850 illurn
754 1776 915 1874 corporis
931 1778 1101 1872 coegisset
1122 1775 1324 1872 iufirmitas,
1352 1793 1390 1852 et

320 1895 537 1967 amicorum
566 1893 759 1966 auctoritas
789 1891 1033 1989 compulisset.
1055 1892 1186 1964 Vinum
1214 1918 1288 1964 non
1311 1915 1390 1989 gus-

320 2008 445 2102 tabat,
460 2011 528 2082 nisi
542 2011 640 2109 prius
653 2033 783 2106 aquam
804 2007 999 2102 largissime
1014 2007 1225 2080 miscuisset.
1245 2010 1388 2082 AEstatis

319 2149 415 2197 vero
437 2141 600 2224 tempore
615 2148 744 2223 aquam
762 2147 890 2222 puram
905 2121 1067 2194 crebrius
1079 2121 1279 2196 hauriebat.
1300 2125 1385 2216 Qui,

321 2264 415 2312 oum
431 2239 645 2313 multimoda
660 2239 852 2335 gratiarum
867 2235 1045 2316 obtineret
1060 2261 1200 2334 genera,
1216 2261 1291 2310 uno
1308 2253 1387 2310 tan·

322 2369 409 2428 tum
437 2355 551 2427 caruit
579 2377 742 2441 munere,
766 2350 864 2450 quod
889 2367 1074 2451 assumpto
1096 2353 1269 2448 regimine
1299 2377 1390 2425 nun-

322 2494 442 2566 quam
453 2469 617 2568 apparuit
632 2466 797 2568 pinguior
807 2491 915 2564 quam
929 2469 1089 2566 privatus
1102 2469 1264 2540 extiterat
1280 2495 1289 2542 s
1304 2493 1387 2542 cum

324 2583 387 2658 alii
407 2586 482 2658 iere
499 2609 624 2657 omnes
642 2583 871 2679 quantumvis
884 2597 987 2654 antea
1005 2582 1137 2655 fuerint
1153 2599 1291 2674 tenues,
1306 2599 1388 2684 post

325 2701 634 2773 manuumstatim
647 2698 911 2798 impositionem
921 2695 1046 2770 buccis
1058 2712 1094 2769 et
1103 2714 1239 2791 ventre,
1250 2723 1295 2771 ne
1307 2724 1386 2771 cor-

325 2813 376 2886 de
405 2814 570 2904 dixerim,
598 2814 737 2886 soleant
762 2812 988 2912 impinguari.
1017 2813 1124 2884 Omni
1145 2828 1306 2911 tempore
1329 2813 1386 2886 vel

325 2931 459 3003 aestatis
473 2931 528 3003 vel
538 2930 679 3012 hiemis,
689 2927 859 3028 quoniam
875 2951 1004 3000 somno
1016 2941 1205 3000 contentus
1222 2943 1295 3000 erat
1309 2929 1387 3000 brc-

327 3047 490 3134 vissimo,
515 3061 598 3146 post
614 3069 752 3117 coenam
773 3058 833 3115 aut
849 3041 1001 3138 legebat,
1028 3058 1089 3114 aut
1110 3042 1286 3138 legentem
1305 3042 1386 3116 diu-

328 3162 401 3233 tius
429 3160 608 3251 audiebat,
638 3174 700 3232 aut
728 3158 955 3232 considentes
986 3157 1156 3258 exemplis
1189 3159 1386 3234 instruebat

329 3276 540 3350 illustribus.
575 3275 695 3348 Lectio
715 3274 862 3372 quidem
887 3287 962 3344 erat
979 3273 1025 3345 de
1041 3271 1141 3344 libris
1162 3279 1306 3346 Petrum
1323 3299 1388 3347 au·

330 3393 492 3483 tenticis;
510 3390 703 3489 aliquando
720 3389 766 3461 de
782 3388 1025 3461 ecclesiasticis
1049 3387 1181 3485 aliquid
1205 3389 1388 3486 legebatur

328 3505 500 3579 historiis.
521 3505 693 3578 Narrabat
707 3529 805 3594 vero,
829 3518 869 3575 ut
885 3519 961 3575 erat
974 3502 1266 3598 jocundissimus,
1290 3529 1387 3576 nunc

332 3646 409 3712 sua,
440 3646 536 3692 nuno
560 3608 730 3709 aliorum,
764 3645 841 3718 quae
865 3618 922 3690 uel
951 3617 1096 3690 vidisset
1127 3617 1180 3688 vel
1209 3617 1388 3691 didicisset

330 3755 428 3835 gesta
449 3739 609 3810 virorum
642 3737 800 3824 tortium,
832 3733 1045 3833 aliquotiens
1065 3758 1177 3831 usque
1201 3733 1247 3804 ad
1273 3737 1388 3806 noctis

328 3854 514 3945 medium,
533 3854 654 3952 sicque
669 3851 855 3924 modicum
871 3847 1075 3948 quiescebat
1093 3851 1130 3920 in
1146 3847 1267 3940 cubili,
1287 3849 1387 3946 quod

331 3996 398 4042 nec
413 3970 519 4043 nimis
534 3983 624 4040 esset
645 3967 848 4059 borridum,
864 3990 931 4038 neo
954 3965 1039 4038 satis
1060 3963 1267 4036 delicatum.
1293 3963 1386 4037 Illud

331 4085 531 4159 declinabat
548 4107 791 4183 summopere,
811 4082 1066 4179 nequicquam
1086 4104 1190 4188 agere
1204 4077 1388 4151 videretur

332 4201 429 4299 quod
453 4201 490 4272 in
513 4199 639 4272 babitu
664 4199 718 4271 vel
745 4198 824 4270 vitae
849 4220 979 4293 genere
1003 4210 1187 4295 appareret
1213 4193 1384 4266 notabile.

331 4323 419 4394 Vim
433 4320 568 4418 quippe
583 4319 684 4392 bono
699 4317 961 4390 simulationem
972 4313 1157 4412 judicabat
1179 4311 1385 4408 indignam3

372 4574 403 4632 l.
417 4571 558 4628 Perdaxt't
569 4567 637 4626 edd.
