3742 5667
482 798 556 858 SUR
575 798 646 859 SON
665 798 981 861 snumtsralvtou
999 804 1218 866 anatum.
1315 810 1376 869 Ι183

322 931 424 1005 ribus
439 933 570 1005 nostris
593 933 815 1005 innotescere
830 935 1024 1033 cupientes,
1047 937 1075 1007 si
1092 935 1184 1010 forte
1196 939 1261 1011 Dei
1274 942 1374 1013 auxi·

321 1046 372 1119 lio
390 1046 460 1120 hoc
482 1049 601 1147 ipsum
622 1048 658 1120 in
676 1048 803 1122 melius
828 1049 1022 1149 aliqnando
1041 1068 1160 1150 posset
1177 1054 1371 1148 immutari,

320 1162 502 1237 intitulare
517 1164 731 1237 curavimus.
750 1168 846 1239 Dum
865 1166 1143 1263 nobileregnum
1155 1173 1375 1244 Francorum

319 1280 357 1351 in
379 1293 474 1351 statu
491 1278 708 1352 monarchis
734 1282 954 1373 consisteret,
978 1282 1255 1383 circumquaque
1282 1286 1375 1359 sicut

318 1420 356 1468 se
375 1394 472 1492 regia
491 1409 647 1494 potestas
664 1396 889 1488 extendebat,
914 1422 978 1497 per
995 1413 1109 1471 totam
1124 1401 1224 1497 regni
1247 1416 1374 1473 tetrar-

317 1510 452 1603 chiam,
472 1510 639 1584 videlicet
653 1512 691 1583 in
706 1511 820 1603 Italia,
838 1512 1074 1609 Lothariugia,
1093 1516 1249 1607 Francia,
1268 1516 1373 1613 Aqui·

317 1628 426 1717 tania,
441 1626 587 1700 ecclesia
600 1625 694 1700 beati
711 1628 870 1725 Dionysii
884 1629 1022 1724 magnis
1030 1628 1222 1728 multisque
1237 1655 1373 1728 posses-

316 1742 479 1815 sionibus
493 1742 703 1815 liberalitate
725 1766 850 1838 regum
871 1743 1089 1817 abundabat.
1117 1750 1251 1818 Verum
1270 1747 1371 1845 quod

316 1859 434 1931 unitas
456 1857 632 1932 illibatum
660 1858 907 1948 conservabat,
936 1858 1050 1932 filialis
1070 1858 1198 1934 divisio
1227 1876 1264 1934 et
1289 1886 1372 1935 cor-

315 1998 484 2073 rumpere
499 1988 534 2045 et
554 1973 751 2046 diminuere
765 1972 972 2047 elaboravit.
994 1977 1086 2047 Hinc
1102 1976 1267 2075 estquod
1284 1978 1369 2051 bea-

315 2104 373 2162 tus
388 2091 580 2189 Dionysius
599 2088 830 2185 Hecelingas¹,
852 2088 1115 2186 Herbertingas,
1133 2106 1169 2163 ct
1188 2091 1367 2187 Salonam,

314 2222 350 2279 et
365 2206 594 2305 quamplures
602 2206 687 2277 alias
697 2205 934 2302 possessiones
947 2207 1124 2297 amittens,
1146 2205 1246 2278 villas
1262 2208 1370 2279 etiam

314 2348 393 2421 quae
422 2324 459 2394 io
480 2347 574 2421 pago
595 2322 742 2393 Metensi
760 2322 926 2413 existunt,
944 2322 1109 2394 videlicet
1124 2338 1279 2395 castrum
1293 2326 1368 2397 Go-

313 2438 481 2525 mundas,
502 2438 677 2529 Blistetot,
696 2450 732 2510 et
752 2435 988 2532 Cochilingas,
1008 2436 1174 2536 perdidit.
1194 2438 1262 2510 Pro
1279 2464 1367 2536 qua-

313 2578 395 2626 rum
417 2552 668 2626 reclamatione
690 2576 774 2625 cum
799 2552 924 2651 saepius
946 2552 1141 2650 apostolico
1162 2554 1368 2651 conspectui

314 2672 565 2763 insisteremus,
593 2684 671 2743 tum
684 2692 752 2767 pro
771 2668 941 2767 injustitia
957 2693 1033 2761 sua,
1050 2684 1128 2741 tum
1144 2694 1210 2768 pro
1228 2670 1365 2742 incom-

313 2786 486 2859 moditate
508 2809 741 2886 personarum
764 2808 908 2858 suarum
935 2784 1012 2883 (qui
1034 2784 1130 2856 enim
1151 2810 1209 2857 eas
1227 2785 1363 2857 aufere·

313 2902 400 2975 bant
424 2900 518 2974 male
547 2916 582 2974 et
600 2900 751 3001 pessime
776 2898 911 2998 absque
926 2899 1146 2972 consessione
1167 2900 1367 2972 morieban-

312 3016 401 3114 tur),
415 3018 516 3115 quasi
530 3041 595 3116 pro
610 3017 890 3089 commutatione
905 3016 1027 3088 locum
1037 3019 1099 3114 qui
1111 3016 1242 3089 dicitur
1253 3016 1366 3088 Cella·

312 3156 395 3206 cum
416 3128 633 3231 appendiciis
654 3133 726 3205 suis
754 3133 790 3203 in
816 3132 921 3204 cartis
943 3130 1114 3203 Ludovici
1140 3132 1365 3230 imperatoris

313 3248 561 3340 denominatis,
579 3248 683 3348 plena
698 3247 873 3340 libertate,
891 3246 996 3319 beato
1012 3248 1183 3343 Dionysio
1197 3247 1362 3335 contulit,

314 3364 373 3436 ubi
390 3364 517 3438 fratres
534 3378 675 3437 nostros
695 3363 743 3436 ad
772 3361 1000 3435 serviendum
1022 3364 1112 3453 Deo,
1140 3364 1176 3433 in
1199 3386 1261 3461 spe
1281 3384 1363 3456 aug-

313 3481 537 3553 mentationis
553 3494 587 3551 et
604 3479 825 3554 succedentis
845 3478 1134 3577 recuperationis,
1151 3477 1358 3551 locavimus.

599 3706 704 3775 xxtt.
726 3709 780 3774 De
796 3704 903 3777 Calvo
915 3709 1036 3776 Monte
1044 3707 1070 3779 ⁸.

359 3897 550 3979 Ecclesiam
584 3932 729 4006 quoque
755 3908 873 3981 Sancti
913 3908 1010 3980 Petri
1040 3910 1078 3981 in
1106 3924 1223 3983 castro
1251 3910 1362 3983 Calvo

314 4024 448 4095 Monte‘
466 4023 583 4115 sitam,
609 4038 683 4095 tam
704 4021 885 4096 abbatiam
908 4048 1017 4120 quam
1043 4025 1135 4122 ipsas
1151 4027 1357 4122 canonicas,

351 4244 380 4299 l.
391 4243 563 4317 Herelingas
571 4238 677 4299 Cbesn.
689 4237 738 4297 ed.
752 4241 796 4297 De
811 4237 856 4297 his
865 4238 953 4311 villis,
965 4242 1000 4298 V.
1016 4238 1092 4299 infra
1101 4239 1133 4299 in
1143 4240 1297 4304 Observat.

350 4335 379 4394 Ξ.
400 4333 547 4391 Prioratns
555 4331 651 4407 Cella,
661 4331 691 4390 in
704 4332 824 4391 Metensi
835 4331 964 4394 dioecesi.

351 4427 379 4485 ³.
399 4428 481 4484 Nunc
492 4423 579 4484 etiam
592 4426 901 4483 osannam-effecta
916 4424 1022 4506 (θέει).

350 4522 380 4581 l.
398 4524 436 4580 lu
450 4532 542 4579 casm
557 4520 817 4583 CalvoMcntecod.
829 4540 925 4584 ms.-
938 4526 976 4580 In
988 4524 1073 4583 Calvo
1080 4524 1178 4583 Monte
1188 4522 1235 4584 ed.
1250 4521 1357 4586 chesn.
