3742 5667
491 810 550 868 tos
709 808 875 869 (novans
894 792 1109 867 courtisans
1129 807 1177 865 nn
1198 804 1333 865 susan.

491 945 575 1017 licet
593 943 726 1016 comite
739 940 949 1014 Ebroicensi
968 938 1146 1013 amalrico
1163 938 1209 1013 de
1223 944 1342 1013 Monte
1356 943 1467 1033 lorti,
1485 943 1570 1039 Sy-

491 1083 600 1133 mone
624 1058 671 1132 de
696 1058 857 1157 Nielpha,
879 1053 1043 1129 Ebrardo
1060 1055 1106 1129 de
1121 1054 1215 1129 Villa
1231 1060 1362 1129 Perosa
1369 1059 1393 1147 ¹,
1411 1072 1449 1129 et
1473 1056 1571 1129 aliis

491 1175 813 1275 quamplurimis,
846 1176 885 1245 in
919 1172 1084 1247 tentoriis
1115 1170 1367 1263 demorantes,
1404 1171 1569 1269 singulis

393 1330 397 1336 ·
491 1291 621 1368 diebus
636 1292 747 1366 totius
761 1288 1000 1364 hebdomadae
1017 1314 1207 1363 cervorum
1220 1289 1363 1388 copiam
1376 1288 1423 1363 ad
1439 1294 1567 1363 Sanc-

490 1425 570 1482 tum
593 1406 818 1504 Dionysium,
846 1430 921 1480 non
944 1406 1101 1497 levitate,
1123 1404 1186 1479 sed
1206 1430 1273 1505 pro
1297 1406 1378 1502 jure
1396 1406 1567 1480 ecclesiae

490 1522 705 1624 reparando,
723 1522 921 1613 transferri,
940 1537 977 1595 et
992 1522 1162 1595 iratribus
1178 1521 1331 1595 infirmis
1352 1536 1387 1593 et
1399 1521 1565 1621 hospiti·

490 1641 560 1716 bus
575 1644 613 1714 in
623 1638 736 1714 domo
751 1639 932 1738 hospitali,
945 1662 1088 1711 necnon
1100 1652 1137 1711 et
1150 1636 1326 1711 militibus
1339 1662 1403 1736 per
1409 1638 1560 1730 villam,

491 1783 537 1831 ne
560 1757 728 1855 deinceps
749 1755 923 1829 oblivioni
949 1755 1164 1847 traderetur,
1196 1754 1364 1828 distribui
1385 1752 1562 1828 fecimus.

490 1873 648 1947 Domino
663 1896 751 1945 vero
767 1870 931 1945 Cabrosae
950 1885 1078 1969 praeter
1101 1871 1291 1967 antiquum
1316 1869 1479 1961 feodum,
1503 1872 1562 1943 vi·
1606 1872 1610 1879 ’

491 1988 622 2062 delicet
647 1986 920 2060 advocationem
948 2001 1050 2059 terrae
1076 2000 1226 2076 nostrae,
1261 2000 1298 2058 et
1322 1984 1560 2059 medietatem

492 2103 602 2196 silva,
611 2102 658 2177 de
673 2104 821 2203 proprio
835 2101 982 2198 singulis
995 2104 1098 2175 annis
1108 2116 1254 2175 centum
1265 2098 1398 2175 solidos
1411 2101 1557 2193 damus,

492 2236 663 2319 tanquam
688 2218 831 2293 feodato
853 2230 991 2312 nostro,
1017 2242 1065 2291 ne
1080 2216 1232 2290 reducat
1252 2240 1402 2289 manum
1423 2217 1471 2290 ad
1491 2218 1560 2290 tal·

492 2335 578 2407 liam
599 2335 656 2409 vel
678 2349 781 2407 terrae
804 2335 1084 2435 oppressionem.
1115 2338 1215 2421 Quos
1239 2334 1386 2431 quidem
1407 2348 1558 2408 centum

493 2450 629 2523 solidos
648 2452 686 2522 in
710 2450 838 2524 eadem
863 2464 959 2522 terra
979 2475 1047 2549 pro
1065 2450 1250 2523 voluntate
1275 2464 1397 2523 nostra
1418 2449 1558 2548 absque

493 2566 777 2641 contradictione
796 2566 1002 2662 recolligere
1017 2566 1191 2639 valemus.

543 2676 595 2756 Ne
612 2684 719 2779 igitur
735 2682 867 2755 laboris
882 2683 996 2755 nostri
1009 2682 1146 2756 fructus
1164 2706 1205 2754 ex
1227 2681 1411 2755 oblivione
1427 2684 1465 2755 in
1477 2684 1558 2755 irri-

494 2816 573 2875 tum
586 2798 799 2889 deducatur,
811 2798 871 2871 illa
883 2800 992 2872 etiam
1007 2824 1085 2897 quae
1093 2800 1130 2870 in
1141 2797 1252 2889 Balsa,
1264 2798 1454 2871 auxiliante
1463 2803 1554 2889 Deo,

494 2914 716 3011 augmentari
732 2912 1009 3006 elaboravimus,
1027 2914 1160 3013 scripto
1175 2911 1430 2987 commendare
1450 2940 1553 2987 cura-

494 3032 625 3106 vimus.

544 3147 663 3221 Prima
670 3147 753 3220 villa
765 3146 860 3220 beati
875 3140 1052 3245 Dionysiij
1060 3170 1139 3244 quae
1148 3160 1296 3219 vocatur
1306 3146 1554 3239 Guillelvalis¹‚

495 3287 611 3363 prope
631 3262 838 3354 Sarclidas⁸,
861 3265 899 3335 in
922 3261 1085 3359 catalogo
1111 3262 1305 3359 Dagoberti
1330 3262 1422 3358 regis
1450 3260 1559 3336 beato

495 3378 670 3476 Dionysio
685 3378 732 3449 ab
749 3378 879 3451 eodem
891 3402 974 3475 rege
986 3378 1148 3469 traditas,
1161 3402 1274 3476 usque
1290 3377 1382 3451 adeo
1398 3402 1419 3449 a
1436 3378 1559 3451 multis

495 3508 595 3567 retro
613 3494 836 3595 temporibus
855 3510 918 3566 aut
942 3519 1085 3593 semper
1101 3498 1149 3567 ita
1170 3494 1408 3594 incomposita
1431 3496 1558 3568 extite-

495 3624 565 3700 rat,
582 3624 623 3681 ut
637 3635 705 3682 nec
720 3609 851 3683 domus
866 3609 930 3683 ubi
955 3611 1062 3682 etiam
1086 3609 1198 3683 abbas
1223 3625 1331 3709 caput
1353 3610 1556 3702 reclinaret,

495 3750 563 3798 nec
577 3724 742 3821 granchia
759 3725 891 3824 aliqua,
909 3727 1178 3823 necquicquam
1194 3725 1418 3800 dominicum
1434 3728 1471 3798 in
1484 3743 1559 3801 tota

496 3842 579 3914 villa
595 3844 769 3915 existeret.
788 3843 922 3939 Viginti
941 3842 1099 3940 quinque
1114 3842 1295 3915 modiolos
1315 3856 1469 3935 tantum,
1493 3843 1555 3940 qui

496 3984 569 4031 non
587 3958 763 4032 excedunt
779 3973 934 4056 quatuor
950 3973 1091 4030 nostros
1107 3957 1263 4049 modios,
1274 3984 1342 4058 pro
1359 3982 1468 4031 censu
1481 3974 1553 4031 tor-

498 4099 618 4146 rarum
634 4100 723 4172 quas
741 4075 919 4163 colebant,
939 4099 1024 4147 cum
1040 4074 1185 4147 modico
1201 4075 1396 4149 domorum
1413 4100 1559 4147 suarum

496 4212 605 4261 censu
637 4189 782 4284 singulis
814 4190 917 4262 annis
943 4189 1207 4290 persolvebant.
1246 4190 1299 4265 nd
1330 4190 1423 4264 hanc
1453 4191 1559 4286 igitur

537 4373 568 4430 l.
590 4368 700 4428 Nostris
715 4372 882 4446 Villepreux
894 4367 1144 4449 (Seiae-ot-Oise).

537 4466 567 4522 2.
590 4462 686 4521 Hodie
700 4466 868 4539 Guillerotd,
882 4482 974 4543 prope
987 4468 1128 4542 stampas.

536 4560 567 4619 3.
589 4559 701 4628 Scalas,
713 4558 743 4616 in
754 4556 883 4630 ejusdem
898 4555 1023 4617 civitatis
1037 4555 1187 4618 suburbio.
