3742 5667
625 785 688 843 VIE
707 786 759 842 DE
779 785 889 843 LOUIS
909 788 955 845 Lu
977 786 1086 845 GllOS.
1347 793 1385 849 83

322 914 438 986 Deiet
460 913 560 988 beati
583 916 744 1014 Dionysii
767 919 1006 993 munitionem
1033 920 1230 1010 intrabant,
1260 938 1295 996 ct
1320 923 1386 994 Dei

321 1029 456 1102 auxilio
471 1034 483 1071 ¹
499 1048 536 1106 et
555 1031 626 1106 loci
646 1035 812 1132 prasidio
830 1037 976 1109 munitis
1000 1036 1290 1136 propugnaculis,
1311 1054 1385 1111 tam

322 1146 475 1220 viriliter
486 1174 597 1247 quam
618 1148 851 1225 audacissime
867 1151 1089 1226 resistebant.
1112 1158 1184 1227 Nos
1201 1168 1322 1226 autem
1336 1156 1387 1226 ci-

322 1275 376 1333 tra
392 1262 606 1337 Curboilum
619 1265 816 1359 venientes,
837 1292 922 1339 cum
944 1268 1095 1341 domino
1118 1270 1207 1364 regi,
1232 1270 1295 1367 qui
1311 1269 1388 1367 jam

320 1378 375 1450 rei
388 1380 580 1453 veritatem
599 1406 621 1451 a
636 1384 854 1455 Normannia
869 1398 1068 1482 acceperat,
1086 1409 1361 1457 occurreremus
1376 1438 1386 1477 ,

321 1494 493 1568 citissime
520 1498 688 1595 inquisita
707 1498 882 1572 adventus
900 1501 1015 1573 nostri
1038 1526 1158 1593 causa,
1184 1501 1376 1602 simplicita

322 1625 396 1684 tem
412 1627 577 1686 nostram
598 1614 733 1707 derisit,
755 1632 896 1689 etcum
923 1615 1039 1689 multa
1056 1615 1301 1712 indignatione
1317 1620 1391 1687 Hu-

322 1728 425 1824 gonis
450 1728 616 1802 fraudem
636 1732 819 1829 aperiens,
838 1730 885 1803 ad
902 1730 1172 1828 suffragandum
1188 1731 1278 1803 villae
1294 1729 1391 1803 velo

322 1844 465 1917 cissime
479 1846 628 1918 remisit.
648 1850 693 1918 Et
706 1846 796 1919 dum
812 1847 887 1946 ipse
903 1848 1105 1946 Stampensi
1120 1848 1177 1921 via
1194 1848 1387 1919 exercitum

323 1958 511 2057 colligens,
529 1987 596 2034 nos
616 1962 760 2036 rectiori
787 1978 823 2035 et
845 1961 1005 2037 breviori
1023 1963 1236 2035 'sauriacum
1264 1962 1388 2057 dirigi-

321 2100 406 2146 mur
417 2078 453 2169 ¹;
471 2076 543 2149 hoc
556 2073 686 2167 unum,
703 2078 818 2152 multo
837 2094 874 2151 et
889 2078 1066 2177 frequenti
1082 2079 1226 2168 intuitu,
1245 2101 1267 2150 a
1283 2077 1390 2173 longe

322 2208 545 2265 assumentes
569 2191 727 2266 necdum
752 2210 934 2293 occupatae
961 2194 1170 2267 munitionis
1198 2216 1390 2289 argumen-

321 2322 413 2398 tum,
433 2309 536 2407 quod
550 2310 695 2406 tristega
714 2311 823 2383 turris
838 2311 876 2382 in
902 2308 1030 2384 eadem
1056 2310 1257 2383 munitione
1285 2306 1390 2404 longa

320 2421 470 2522 planitie
479 2427 751 2525 supereminens
764 2426 972 2526 apparebat,
983 2450 1062 2523 quae
1075 2440 1179 2524 capta
1187 2424 1389 2497 munitione

320 2538 417 2611 illico
432 2541 515 2637 igne
527 2539 608 2641 [ab]
622 2545 634 2580 ⁸
648 2543 752 2615 hoste
763 2542 973 2616 solveretur.
990 2546 1034 2614 Et
1044 2544 1129 2640 quia
1143 2541 1264 2614 hostes
1275 2556 1390 2613 totam

321 2655 489 2729 viciniam
506 2658 692 2757 rapiendo,
710 2657 931 2731 devastando
950 2656 1186 2757 occupabant,
1205 2657 1389 2728 neminem

320 2775 605 2869 occurrentium,
633 2771 738 2847 donis
758 2774 866 2847 etiam
889 2787 952 2845 aut
975 2772 1174 2872 promissis,
1197 2769 1389 2844 nobiscum

320 2885 455 2961 ducere
472 2905 692 2987 poteramus.
721 2889 825 2962 Unde
849 2902 987 2987 quanto
1004 2888 1204 2987 pauciores,
1222 2902 1323 2959 tanto
1338 2912 1390 2960 se·

320 3005 496 3095 cariores,
519 3006 596 3103 jam
609 3005 684 3078 sole
699 3007 736 3077 in
750 3030 942 3104 vesperum
960 3004 1176 3097 declinante,
1189 3028 1287 3095 cum,
1304 3004 1389 3101 quia

320 3119 444 3194 hostes
466 3139 608 3197 nostros
633 3138 708 3197 tota
727 3123 786 3196 die
811 3124 1062 3222 impugnantes
1085 3146 1286 3221 expugnare
1314 3146 1389 3193 non

321 3238 482 3312 valerent
497 3243 519 3329 ⁸,
548 3240 681 3337 fatigati
711 3265 840 3340 parum
865 3238 1116 3331 substitissent,
1148 3262 1215 3310 nos
1239 3236 1389 3311 aeside

323 3379 453 3427 eorum
470 3380 626 3428 essemus
659 3358 855 3449 consortio,
890 3352 1071 3455 speculata
1102 3354 1385 3452 opportunitate,

322 3496 397 3545 non
412 3472 489 3545 sinc
505 3498 635 3569 magno
648 3472 810 3573 periculo
826 3496 893 3572 per
917 3472 1079 3545 medium
1090 3470 1182 3543 villae
1195 3472 1385 3563 irruentes,

323 3588 408 3685 quia
423 3588 557 3687 quibus
573 3590 831 3663 innueramus·
852 3588 889 3660 in
905 3586 1184 3687 propugnaculis
1211 3601 1389 3661 nostrates

363 3866 393 3923 l.
406 3864 479 3923 Cum
493 3866 550 3922 Dei
561 3868 672 3922 auxilio
686 3865 775 3923 6265.

364 3961 394 4017 2.
409 3961 576 4035 Diriginwr
588 3968 669 4035 quat.
682 3956 769 4015 codd.
783 3966 812 4014 et
825 3952 893 4014 edit.
909 3950 1058 4013 Benedict.
1074 3985 1114 3999 -
1125 3955 1294 4031 Diltgtmur,
1308 3972 1388 4015 meu·

328 4051 407 4121 dese,
422 4053 533 4110 tatto.
552 4084 593 4097 -
606 4056 764 4130 Dirigtmus
776 4047 845 4109 edd.
861 4048 961 4109 Germ.
976 4056 1006 4105 et
1017 4046 1122 4109 chesn.

366 4148 397 4205 3.
411 4144 457 4203 Ab
470 4145 582 4205 addunt
590 4143 738 4207 Benedict.

366 4242 397 4297 ts.
408 4240 453 4297 lta
463 4250 546 4317 quat.
559 4239 645 4298 codd.
660 4251 745 4317 atque
763 4237 833 4299 edit.
847 4232 995 4298 benedict.
1009 4269 1050 4282 -
1062 4240 1195 4295 Valentes
1208 4238 1267 4299 rat
1288 4249 1317 4297 et
1337 4257 1389 4298 re·

327 4329 409 4409 tiquae
418 4331 486 4391 edd.

367 4431 396 4487 5.
412 4432 600 4486 Innueramus
613 4426 699 4488 codd.
716 4446 827 4498 omnes,
840 4424 965 4505 itemque
977 4422 1049 4489 edit.
1061 4422 1211 4484 Benedict.
1224 4456 1265 4470 -
1274 4430 1391 4489 Munie-

329 4540 432 4602 ramas,
446 4518 598 4593 mendose,
611 4520 732 4599 reliqna
742 4519 809 4580 edd.
