3742 5667
443 812 482 868 ra
671 804 831 864 mutans
856 789 1074 867 curiositas
1096 808 1146 865 na
1167 806 1301 865 sunna.

442 943 521 1015 vitae
537 966 611 1013 non
623 941 820 1014 timuerunt
835 968 845 1013 ε
862 937 936 1033 alii,
954 942 1086 1040 seipsos
1097 954 1247 1040 pontem
1263 937 1501 1037 praeripiendo

443 1056 631 1147 calcantes,
658 1080 758 1129 arma
774 1056 953 1154 rejiciunt,
973 1071 1007 1129 et
1024 1054 1187 1127 hostibus
1201 1054 1269 1126 sibi
1286 1052 1499 1146 hostiliores,

365 1186 374 1202 ·
443 1169 533 1242 dum
553 1169 698 1242 insimul
720 1194 846 1242 omncs
864 1169 1007 1260 volunt,
1032 1170 1087 1240 vix
1105 1192 1199 1240 unus
1215 1182 1365 1266 pontem
1379 1167 1502 1263 ingre-

443 1286 552 1359 ditur.
574 1290 743 1382 Dumque
761 1286 1003 1357 tumultuosus
1019 1288 1101 1356 ¹eos
1124 1283 1313 1357 confundit
1330 1282 1500 1381 impetus,

443 1417 578 1500 quanto
589 1402 769 1496 festinant,
786 1415 887 1474 tanto
895 1402 1014 1500 plures
1022 1399 1269 1491 demorantur,
1282 1414 1313 1472 et
1323 1399 1362 1471 fit
1372 1398 1502 1471 exinde

445 1532 484 1590 ut
500 1534 535 1591 et
547 1520 659 1617 primi
678 1518 864 1590 novissimi
879 1533 916 1589 et
931 1517 1116 1589 novissimi
1142 1516 1230 1589 fiant
1243 1516 1352 1615 primi
1366 1518 1390 1587 ².
1408 1514 1501 1603 Quia

443 1649 562 1707 tamen
573 1634 692 1733 pontis
704 1635 883 1732 ingressus
896 1634 1030 1707 fossato
1043 1634 1266 1731 cingebatur,
1277 1631 1441 1733 prasidio
1454 1630 1504 1701 eis

444 1765 540 1842 crat3
556 1751 641 1847 quia
654 1750 742 1846 regii
757 1750 918 1848 quirites,
937 1751 1003 1822 nisi
1025 1776 1117 1823 unus
1130 1766 1211 1849 post
1230 1750 1354 1841 alium,
1373 1773 1433 1820 eos
1449 1749 1504 1818 in·

443 1867 543 1963 sequi
558 1891 632 1938 non
648 1866 826 1961 valebant,
843 1893 909 1940 nec
925 1868 975 1939 sic
991 1867 1098 1940 etiarn
1121 1868 1196 1939 sine
1216 1890 1346 1963 magno
1363 1870 1416 1937 sul
1435 1865 1505 1936 dis

446 1982 590 2082 pendio,
602 2008 686 2054 cum
701 1983 805 2055 multi
815 1985 1027 2075 niterentur,
1044 1984 1149 2082 pauci
1162 1998 1312 2083 pontem
1326 1979 1505 2080 prendere

444 2114 621 2198 poterant.
640 2100 711 2187 Qui
724 2114 846 2171 autem
862 2125 1092 2198 quocumque
1102 2099 1213 2172 modo
1234 2098 1427 2189 intrabant,
1446 2122 1506 2169 sae·

442 2216 523 2314 pius
545 2231 606 2287 aut
618 2240 767 2287 suorum
792 2231 854 2287 aut
875 2232 1083 2289 nostrorum
1101 2216 1207 2289 turba
1229 2215 1383 2304 turbata,
1413 2214 1505 2285 invi-

444 2331 470 2403 ti
482 2334 493 2370 ⁸
503 2356 596 2427 genu
614 2331 817 2425 flectebant,
834 2350 871 2405 et
886 2333 1082 2406 resilientes
1101 2331 1189 2405 alios
1202 2331 1299 2404 idem
1314 2331 1431 2403 facere
1443 2353 1506 2401 co-

442 2446 586 2541 gebant.
613 2451 794 2519 lnsecutns
819 2462 939 2520 autem
969 2472 1031 2521 eos
1059 2473 1118 2520 rex
1148 2471 1233 2519 cum
1266 2446 1350 2535 suis,
1390 2445 1506 2517 multa

443 2577 558 2658 strage
565 2561 725 2659 urgebat,
737 2589 828 2661 quos
841 2563 1054 2638 offendebat
1073 2563 1294 2654 conterebat,
1308 2588 1398 2661 quos
1417 2587 1505 2635 con-

443 2678 594 2774 terebat,
619 2696 693 2752 tam
713 2679 820 2775 gladii
841 2682 1075 2780 impressione
1090 2706 1200 2779 quam
1219 2680 1402 2752 fortissimi
1421 2680 1505 2776 equi

443 2794 670 2893 impulsione,
694 2799 859 2869 Maternae
868 2796 980 2868 fluvio
993 2796 1245 2893 ingurgitabat.
1269 2800 1401 2869 Verum
1413 2796 1506 2867 sicut

442 2911 597 2983 inermes
610 2912 753 2984 levitate
770 2910 990 2984 fluctuabant
1005 2917 1073 3004 sul,
1084 2912 1134 2985 sic
1148 2928 1181 2985 et
1193 2912 1331 2985 loricati
1344 2910 1508 3011 pondere

443 3050 509 3097 suo
546 3052 669 3123 graves
695 3027 804 3098 semel
829 3028 953 3113 mersi,
978 3045 1060 3100 ante
1083 3030 1213 3100 trinam
1240 3026 1506 3101 demersionem

443 3142 617 3227 comitum
626 3141 1048 3239 suffragioretrahuntur,
1059 3143 1366 3245 rebaptizatorum
1375 3169 1508 3245 oppro-

442 3254 578 3350 brium,
594 3258 624 3330 si
640 3257 720 3329 talis
733 3274 823 3332 esset
837 3260 993 3353 occasio,
1011 3260 1218 3334 referentes.

492 3374 554 3446 His
566 3390 688 3446 autem
701 3390 736 3447 et
748 3374 957 3473 hujusmodi
971 3400 1033 3448 rex
1047 3377 1216 3449 comitem
1228 3379 1415 3473 angarians
1427 3402 1505 3448 mo

444 3489 566 3583 lestiis,
584 3505 697 3564 terras
716 3491 793 3588 ejus
816 3492 878 3563 ubi
900 3492 979 3564 ubi*
1008 3508 1081 3564 tam
1107 3494 1144 3564 in
1169 3494 1303 3565 Briensi
1335 3519 1444 3592 quam
1466 3491 1502 3564 in

483 3700 513 3755 t.
532 3697 811 3768 inmurmurat,
824 3706 853 3754 et
867 3694 934 3754 edd.
950 3697 1049 3756 Germ.
1068 3716 1102 3754 ac
1116 3694 1223 3756 Chesn.

482 3790 512 3844 Ξ.
533 3786 579 3844 Sic
599 3785 686 3845 codd.
703 3790 773 3859 ata,
793 3790 884 3860 tots,
904 3790 994 3862 6265,
1019 3793 1130 3862 tatto,
1151 3802 1240 3867 atque
1259 3790 1330 3850 edit.
1355 3790 1502 3851 Benedict.

442 3881 525 3937 Hanc
554 3878 740 3957 sequentibus
762 3880 934 3956 lectionem,
962 3883 1062 3961 utpote
1096 3880 1200 3963 majori
1225 3883 1357 3943 codicum
1381 3904 1504 3943 numero

443 3971 673 4052 comprobatam,
697 3986 727 4033 et
755 3974 860 4033 rectiln
882 3974 980 4035 ordini
1002 3974 1156 4035 verborum
1176 3977 1325 4055 Evangelii
1346 3979 1504 4038 secundino

442 4065 609 4124 Mattbaenm
629 4066 707 4146 (cap.
730 4086 813 4140 xxix,
831 4070 883 4142 30)
896 4078 1134 4141 consentaneam,
1161 4068 1324 4129 censuimus
1341 4082 1505 4150 anteponen

442 4160 521 4221 dam.
535 4192 576 4205 -
592 4166 631 4223 Ut
644 4166 787 4219 novissimi
804 4174 833 4218 et
847 4168 956 4237 primi,
973 4175 1000 4220 et
1017 4169 1161 4220 novissimi
1180 4165 1253 4241 fiunt
1269 4172 1359 4241 primi
1376 4170 1444 4226 135.
1465 4198 1506 4212 ·-·

445 4259 485 4317 Ut
496 4260 639 4313 novissimi
649 4260 751 4330 primi,
767 4268 795 4312 et
804 4260 894 4331 prt‘mi
906 4256 979 4331 funt
991 4262 1134 4315 novissimi
1147 4256 1231 4335 reliq.
1246 4258 1313 4320 edd.

483 4351 514 4408 3.
531 4353 644 4426 Inuicti,
657 4350 822 4429 perperam,
835 4350 945 4409 tttttt.

479 4445 520 4592 (qd
540 4443 583 4499 lta
602 4440 687 4592 (qqdd.
713 4444 782 4514 ata,
802 4444 892 4514 6265,
914 4454 1002 4521 atque
1023 4442 1071 4502 cd.
1094 4444 1240 4506 benedict.
1261 4478 1299 4493 -
1321 4446 1378 4511 Ubi
1400 4446 1505 4527 reliqui

443 4552 478 4592 co
522 4546 601 4593 ‚ete
645 4576 653 4594 .
