<?xml version="1.0" encoding="UTF-8"?>
<!DOCTYPE html PUBLIC "-//W3C//DTD XHTML 1.0 Transitional//EN"
    "http://www.w3.org/TR/xhtml1/DTD/xhtml1-transitional.dtd">
<html xmlns="http://www.w3.org/1999/xhtml" xml:lang="en" lang="en">
 <head>
  <title>
</title>
<meta http-equiv="Content-Type" content="text/html;charset=utf-8" />
  <meta name='ocr-system' content='tesseract 3.04.00' />
  <meta name='ocr-capabilities' content='ocr_page ocr_carea ocr_par ocr_line ocrx_word'/>
</head>
<body>
  <div class='ocr_page' id='page_1' title='image "./oeuvrescompltes00sugegoog_0086.png"; bbox 0 0 3742 5667; ppageno 0'>
   <div class='ocr_carea' id='block_1_1' title="bbox 512 785 1356 868">
    <p class='ocr_par' dir='ltr' id='par_1_1' title="bbox 512 785 1356 868">
     <span class='ocr_line' id='line_1_1' title="bbox 512 785 1356 868; baseline -0.005 0"><span class='ocrx_word' id='word_1_1' title='bbox 512 811 549 868; x_wconf 78' lang='lat' dir='ltr'>ao</span> <span class='ocrx_word' id='word_1_2' title='bbox 721 792 883 866; x_wconf 73' lang='lat' dir='ltr'>mmnts</span> <span class='ocrx_word' id='word_1_3' title='bbox 905 785 1127 863; x_wconf 70' lang='lat' dir='ltr'>conteritas</span> <span class='ocrx_word' id='word_1_4' title='bbox 1145 807 1198 863; x_wconf 79' lang='lat' dir='ltr'>ue</span> <span class='ocrx_word' id='word_1_5' title='bbox 1218 803 1356 865; x_wconf 77' lang='lat' dir='ltr'>suana.</span> 
     </span>
    </p>
   </div>
   <div class='ocr_carea' id='block_1_2' title="bbox 501 929 1574 3704">
    <p class='ocr_par' dir='ltr' id='par_1_2' title="bbox 501 929 1574 3704">
     <span class='ocr_line' id='line_1_2' title="bbox 511 929 1571 1040; baseline -0.003 -27"><span class='ocrx_word' id='word_1_6' title='bbox 511 941 676 1014; x_wconf 75' lang='lat' dir='ltr'>Praefatus</span> <span class='ocrx_word' id='word_1_7' title='bbox 705 941 823 1040; x_wconf 87' lang='lat' dir='ltr'>itaque</span> <span class='ocrx_word' id='word_1_8' title='bbox 843 929 963 1012; x_wconf 86' lang='lat' dir='ltr'>Guido</span> <span class='ocrx_word' id='word_1_9' title='bbox 989 937 1142 1029; x_wconf 84' lang='lat' dir='ltr'>Rubcus,</span> <span class='ocrx_word' id='word_1_10' title='bbox 1171 935 1337 1037; x_wconf 79' lang='lat' dir='ltr'>filiusque</span> <span class='ocrx_word' id='word_1_11' title='bbox 1365 937 1441 1035; x_wconf 87' lang='lat' dir='ltr'>ejus</span> <span class='ocrx_word' id='word_1_12' title='bbox 1465 941 1571 1036; x_wconf 89' lang='lat' dir='ltr'>Hugo</span> 
     </span>
     <span class='ocr_line' id='line_1_3' title="bbox 509 1053 1571 1155; baseline -0.002 -23"><span class='ocrx_word' id='word_1_13' title='bbox 509 1057 774 1148; x_wconf 87' lang='lat' dir='ltr'>Creciacensis¹,</span> <span class='ocrx_word' id='word_1_14' title='bbox 784 1053 925 1155; x_wconf 83' lang='lat' dir='ltr'>juvenis</span> <span class='ocrx_word' id='word_1_15' title='bbox 934 1054 1099 1148; x_wconf 88' lang='lat' dir='ltr'>idoneus,</span> <span class='ocrx_word' id='word_1_16' title='bbox 1110 1055 1219 1129; x_wconf 79' lang='lat' dir='ltr'>armis</span> <span class='ocrx_word' id='word_1_17' title='bbox 1230 1069 1410 1147; x_wconf 88' lang='lat' dir='ltr'>strenuus,</span> <span class='ocrx_word' id='word_1_18' title='bbox 1424 1070 1499 1129; x_wconf 84' lang='lat' dir='ltr'>tam</span> <span class='ocrx_word' id='word_1_19' title='bbox 1508 1081 1571 1130; x_wconf 86' lang='lat' dir='ltr'>ra·</span> 
     </span>
     <span class='ocr_line' id='line_1_4' title="bbox 508 1170 1572 1273; baseline -0.003 -26"><span class='ocrx_word' id='word_1_20' title='bbox 508 1175 600 1272; x_wconf 89' lang='lat' dir='ltr'>pinis</span> <span class='ocrx_word' id='word_1_21' title='bbox 623 1199 732 1273; x_wconf 88' lang='lat' dir='ltr'>quam</span> <span class='ocrx_word' id='word_1_22' title='bbox 755 1171 928 1247; x_wconf 87' lang='lat' dir='ltr'>incendiis</span> <span class='ocrx_word' id='word_1_23' title='bbox 940 1185 1064 1269; x_wconf 87' lang='lat' dir='ltr'>aptus,</span> <span class='ocrx_word' id='word_1_24' title='bbox 1083 1170 1265 1269; x_wconf 87' lang='lat' dir='ltr'>totiusque</span> <span class='ocrx_word' id='word_1_25' title='bbox 1282 1173 1382 1269; x_wconf 87' lang='lat' dir='ltr'>regni</span> <span class='ocrx_word' id='word_1_26' title='bbox 1403 1171 1572 1246; x_wconf 82' lang='lat' dir='ltr'>turbator</span> 
     </span>
     <span class='ocr_line' id='line_1_5' title="bbox 506 1287 1572 1387; baseline -0.003 -22"><span class='ocrx_word' id='word_1_27' title='bbox 506 1291 725 1382; x_wconf 86' lang='lat' dir='ltr'>celerrimus,</span> <span class='ocrx_word' id='word_1_28' title='bbox 745 1313 894 1362; x_wconf 88' lang='lat' dir='ltr'>rancore</span> <span class='ocrx_word' id='word_1_29' title='bbox 906 1287 1017 1360; x_wconf 89' lang='lat' dir='ltr'>animi</span> <span class='ocrx_word' id='word_1_30' title='bbox 1036 1287 1219 1361; x_wconf 88' lang='lat' dir='ltr'>cumulato</span> <span class='ocrx_word' id='word_1_31' title='bbox 1241 1312 1308 1387; x_wconf 85' lang='lat' dir='ltr'>pro</span> <span class='ocrx_word' id='word_1_32' title='bbox 1327 1287 1448 1361; x_wconf 88' lang='lat' dir='ltr'>amissi</span> <span class='ocrx_word' id='word_1_33' title='bbox 1463 1290 1572 1362; x_wconf 80' lang='lat' dir='ltr'>castri</span> 
     </span>
     <span class='ocr_line' id='line_1_6' title="bbox 506 1404 1572 1502; baseline -0.003 -20"><span class='ocrx_word' id='word_1_34' title='bbox 506 1409 660 1482; x_wconf 87' lang='lat' dir='ltr'>Gomaci</span> <span class='ocrx_word' id='word_1_35' title='bbox 676 1406 935 1496; x_wconf 81' lang='lat' dir='ltr'>erubescentia,</span> <span class='ocrx_word' id='word_1_36' title='bbox 951 1431 973 1477; x_wconf 91' lang='lat' dir='ltr'>a</span> <span class='ocrx_word' id='word_1_37' title='bbox 990 1404 1093 1502; x_wconf 88' lang='lat' dir='ltr'>regiae</span> <span class='ocrx_word' id='word_1_38' title='bbox 1108 1404 1321 1479; x_wconf 77' lang='lat' dir='ltr'>excellentia</span> <span class='ocrx_word' id='word_1_39' title='bbox 1338 1406 1572 1502; x_wconf 83' lang='lat' dir='ltr'>derogatione</span> 
     </span>
     <span class='ocr_line' id='line_1_7' title="bbox 505 1520 1572 1620; baseline -0.002 -24"><span class='ocrx_word' id='word_1_40' title='bbox 505 1549 579 1597; x_wconf 90' lang='lat' dir='ltr'>non</span> <span class='ocrx_word' id='word_1_41' title='bbox 591 1521 787 1598; x_wconf 82' lang='lat' dir='ltr'>cessabant.</span> <span class='ocrx_word' id='word_1_42' title='bbox 808 1526 1082 1620; x_wconf 85' lang='lat' dir='ltr'>Eapropternec</span> <span class='ocrx_word' id='word_1_43' title='bbox 1097 1521 1205 1594; x_wconf 84' lang='lat' dir='ltr'>etiam</span> <span class='ocrx_word' id='word_1_44' title='bbox 1218 1520 1316 1594; x_wconf 78' lang='lat' dir='ltr'>lintri</span> <span class='ocrx_word' id='word_1_45' title='bbox 1332 1521 1572 1596; x_wconf 88' lang='lat' dir='ltr'>Corboilensi¹</span> 
     </span>
     <span class='ocr_line' id='line_1_8' title="bbox 505 1635 1567 1735; baseline -0.002 -23"><span class='ocrx_word' id='word_1_46' title='bbox 505 1638 640 1732; x_wconf 92' lang='lat' dir='ltr'>Odoni,</span> <span class='ocrx_word' id='word_1_47' title='bbox 663 1638 747 1735; x_wconf 89' lang='lat' dir='ltr'>quia</span> <span class='ocrx_word' id='word_1_48' title='bbox 768 1636 802 1710; x_wconf 93' lang='lat' dir='ltr'>ei</span> <span class='ocrx_word' id='word_1_49' title='bbox 827 1635 961 1710; x_wconf 90' lang='lat' dir='ltr'>nullam</span> <span class='ocrx_word' id='word_1_50' title='bbox 984 1651 1112 1710; x_wconf 87' lang='lat' dir='ltr'>contra</span> <span class='ocrx_word' id='word_1_51' title='bbox 1133 1661 1255 1734; x_wconf 89' lang='lat' dir='ltr'>regem</span> <span class='ocrx_word' id='word_1_52' title='bbox 1280 1637 1410 1710; x_wconf 88' lang='lat' dir='ltr'>tulerat</span> <span class='ocrx_word' id='word_1_53' title='bbox 1440 1663 1567 1731; x_wconf 87' lang='lat' dir='ltr'>opem,</span> 
     </span>
     <span class='ocr_line' id='line_1_9' title="bbox 503 1750 1571 1854; baseline 0 -28"><span class='ocrx_word' id='word_1_54' title='bbox 503 1778 649 1854; x_wconf 79' lang='lat' dir='ltr'>parcere</span> <span class='ocrx_word' id='word_1_55' title='bbox 673 1752 795 1850; x_wconf 82' lang='lat' dir='ltr'>clegit3</span> <span class='ocrx_word' id='word_1_56' title='bbox 828 1750 892 1825; x_wconf 91' lang='lat' dir='ltr'>sed</span> <span class='ocrx_word' id='word_1_57' title='bbox 919 1752 997 1850; x_wconf 89' lang='lat' dir='ltr'>ejus</span> <span class='ocrx_word' id='word_1_58' title='bbox 1024 1750 1195 1824; x_wconf 86' lang='lat' dir='ltr'>insidians</span> <span class='ocrx_word' id='word_1_59' title='bbox 1219 1752 1451 1850; x_wconf 87' lang='lat' dir='ltr'>simplicitati,</span> <span class='ocrx_word' id='word_1_60' title='bbox 1482 1777 1571 1827; x_wconf 89' lang='lat' dir='ltr'>cum</span> 
     </span>
     <span class='ocr_line' id='line_1_10' title="bbox 504 1867 1568 1969; baseline 0.002 -27"><span class='ocrx_word' id='word_1_61' title='bbox 504 1869 663 1968; x_wconf 88' lang='lat' dir='ltr'>quadam</span> <span class='ocrx_word' id='word_1_62' title='bbox 679 1867 737 1942; x_wconf 91' lang='lat' dir='ltr'>die</span> <span class='ocrx_word' id='word_1_63' title='bbox 751 1883 919 1941; x_wconf 84' lang='lat' dir='ltr'>venatum</span> <span class='ocrx_word' id='word_1_64' title='bbox 942 1868 988 1940; x_wconf 93' lang='lat' dir='ltr'>iri</span> <span class='ocrx_word' id='word_1_65' title='bbox 1005 1892 1115 1969; x_wconf 89' lang='lat' dir='ltr'>penes</span> <span class='ocrx_word' id='word_1_66' title='bbox 1130 1894 1169 1941; x_wconf 87' lang='lat' dir='ltr'>se</span> <span class='ocrx_word' id='word_1_67' title='bbox 1193 1894 1318 1943; x_wconf 89' lang='lat' dir='ltr'>secure</span> <span class='ocrx_word' id='word_1_68' title='bbox 1338 1870 1568 1963; x_wconf 84' lang='lat' dir='ltr'>decrevisset,</span> 
     </span>
     <span class='ocr_line' id='line_1_11' title="bbox 503 1983 1574 2084; baseline 0.003 -28"><span class='ocrx_word' id='word_1_69' title='bbox 503 1986 592 2084; x_wconf 90' lang='lat' dir='ltr'>quid</span> <span class='ocrx_word' id='word_1_70' title='bbox 622 1986 687 2077; x_wconf 92' lang='lat' dir='ltr'>rei,</span> <span class='ocrx_word' id='word_1_71' title='bbox 713 1983 802 2082; x_wconf 91' lang='lat' dir='ltr'>quid</span> <span class='ocrx_word' id='word_1_72' title='bbox 825 1985 899 2084; x_wconf 86' lang='lat' dir='ltr'>spei</span> <span class='ocrx_word' id='word_1_73' title='bbox 921 2001 1092 2082; x_wconf 85' lang='lat' dir='ltr'>corrupta</span> <span class='ocrx_word' id='word_1_74' title='bbox 1117 1984 1252 2058; x_wconf 80' lang='lat' dir='ltr'>invidia</span> <span class='ocrx_word' id='word_1_75' title='bbox 1281 1986 1574 2083; x_wconf 81' lang='lat' dir='ltr'>consanguinitas</span> 
     </span>
     <span class='ocr_line' id='line_1_12' title="bbox 502 2098 1571 2199; baseline 0.003 -28"><span class='ocrx_word' id='word_1_76' title='bbox 502 2099 627 2198; x_wconf 89' lang='lat' dir='ltr'>pariat,</span> <span class='ocrx_word' id='word_1_77' title='bbox 658 2099 829 2199; x_wconf 89' lang='lat' dir='ltr'>iusipiens</span> <span class='ocrx_word' id='word_1_78' title='bbox 860 2098 1126 2172; x_wconf 83' lang='lat' dir='ltr'>animadvertit.</span> <span class='ocrx_word' id='word_1_79' title='bbox 1157 2103 1292 2198; x_wconf 84' lang='lat' dir='ltr'>Raptus</span> <span class='ocrx_word' id='word_1_80' title='bbox 1330 2101 1499 2198; x_wconf 85' lang='lat' dir='ltr'>equidem</span> <span class='ocrx_word' id='word_1_81' title='bbox 1521 2100 1571 2174; x_wconf 91' lang='lat' dir='ltr'>ab</span> 
     </span>
     <span class='ocr_line' id='line_1_13' title="bbox 502 2212 1573 2312; baseline 0.001 -24"><span class='ocrx_word' id='word_1_82' title='bbox 502 2215 632 2288; x_wconf 85' lang='lat' dir='ltr'>codem</span> <span class='ocrx_word' id='word_1_83' title='bbox 654 2215 761 2288; x_wconf 79' lang='lat' dir='ltr'>fratre</span> <span class='ocrx_word' id='word_1_84' title='bbox 784 2219 947 2310; x_wconf 82' lang='lat' dir='ltr'>lingone,</span> <span class='ocrx_word' id='word_1_85' title='bbox 966 2213 1003 2286; x_wconf 89' lang='lat' dir='ltr'>in</span> <span class='ocrx_word' id='word_1_86' title='bbox 1024 2229 1141 2286; x_wconf 86' lang='lat' dir='ltr'>castro</span> <span class='ocrx_word' id='word_1_87' title='bbox 1163 2215 1227 2312; x_wconf 89' lang='lat' dir='ltr'>qui</span> <span class='ocrx_word' id='word_1_88' title='bbox 1246 2212 1380 2288; x_wconf 90' lang='lat' dir='ltr'>dicitur</span> <span class='ocrx_word' id='word_1_89' title='bbox 1404 2215 1573 2289; x_wconf 85' lang='lat' dir='ltr'>Firmitas</span> 
     </span>
     <span class='ocr_line' id='line_1_14' title="bbox 506 2328 1572 2430; baseline 0.003 -28"><span class='ocrx_word' id='word_1_90' title='bbox 506 2331 684 2404; x_wconf 82' lang='lat' dir='ltr'>Balduini⁸</span> <span class='ocrx_word' id='word_1_91' title='bbox 696 2330 933 2430; x_wconf 88' lang='lat' dir='ltr'>compedibus</span> <span class='ocrx_word' id='word_1_92' title='bbox 944 2344 981 2402; x_wconf 95' lang='lat' dir='ltr'>et</span> <span class='ocrx_word' id='word_1_93' title='bbox 995 2330 1129 2403; x_wconf 90' lang='lat' dir='ltr'>catenis</span> <span class='ocrx_word' id='word_1_94' title='bbox 1146 2328 1363 2429; x_wconf 87' lang='lat' dir='ltr'>impeditur:</span> <span class='ocrx_word' id='word_1_95' title='bbox 1383 2355 1450 2403; x_wconf 92' lang='lat' dir='ltr'>nec</span> <span class='ocrx_word' id='word_1_96' title='bbox 1465 2332 1496 2404; x_wconf 87' lang='lat' dir='ltr'>si</span> <span class='ocrx_word' id='word_1_97' title='bbox 1514 2332 1572 2405; x_wconf 84' lang='lat' dir='ltr'>fa·</span> 
     </span>
     <span class='ocr_line' id='line_1_15' title="bbox 502 2445 1571 2546; baseline 0.001 -27"><span class='ocrx_word' id='word_1_98' title='bbox 502 2448 616 2520; x_wconf 88' lang='lat' dir='ltr'>cultas</span> <span class='ocrx_word' id='word_1_99' title='bbox 632 2460 849 2546; x_wconf 87' lang='lat' dir='ltr'>suppeteret,</span> <span class='ocrx_word' id='word_1_100' title='bbox 860 2445 929 2518; x_wconf 90' lang='lat' dir='ltr'>nisi</span> <span class='ocrx_word' id='word_1_101' title='bbox 945 2469 1031 2520; x_wconf 90' lang='lat' dir='ltr'>cum</span> <span class='ocrx_word' id='word_1_102' title='bbox 1040 2470 1161 2542; x_wconf 88' lang='lat' dir='ltr'>regem</span> <span class='ocrx_word' id='word_1_103' title='bbox 1176 2445 1366 2544; x_wconf 91' lang='lat' dir='ltr'>impeteret</span> <span class='ocrx_word' id='word_1_104' title='bbox 1375 2446 1485 2538; x_wconf 91' lang='lat' dir='ltr'>bello,</span> <span class='ocrx_word' id='word_1_105' title='bbox 1504 2472 1571 2520; x_wconf 80' lang='lat' dir='ltr'>ex-</span> 
     </span>
     <span class='ocr_line' id='line_1_16' title="bbox 502 2561 1570 2661; baseline 0.001 -26"><span class='ocrx_word' id='word_1_106' title='bbox 502 2563 700 2661; x_wconf 88' lang='lat' dir='ltr'>pediretur.</span> <span class='ocrx_word' id='word_1_107' title='bbox 733 2565 813 2651; x_wconf 88' lang='lat' dir='ltr'>Qua</span> <span class='ocrx_word' id='word_1_108' title='bbox 842 2561 1011 2632; x_wconf 85' lang='lat' dir='ltr'>inusitata</span> <span class='ocrx_word' id='word_1_109' title='bbox 1042 2561 1195 2654; x_wconf 90' lang='lat' dir='ltr'>insania,</span> <span class='ocrx_word' id='word_1_110' title='bbox 1217 2561 1389 2660; x_wconf 89' lang='lat' dir='ltr'>oppidani</span> <span class='ocrx_word' id='word_1_111' title='bbox 1412 2562 1570 2636; x_wconf 81' lang='lat' dir='ltr'>curboi-</span> 
     </span>
     <span class='ocr_line' id='line_1_17' title="bbox 502 2675 1573 2775; baseline 0.001 -22"><span class='ocrx_word' id='word_1_112' title='bbox 502 2680 634 2754; x_wconf 76' lang='lat' dir='ltr'>lenses⁸</span> <span class='ocrx_word' id='word_1_113' title='bbox 648 2678 752 2750; x_wconf 92' lang='lat' dir='ltr'>multi</span> <span class='ocrx_word' id='word_1_114' title='bbox 780 2675 1047 2775; x_wconf 83' lang='lat' dir='ltr'>(oppugnabat⁸</span> <span class='ocrx_word' id='word_1_115' title='bbox 1067 2677 1167 2750; x_wconf 89' lang='lat' dir='ltr'>euim</span> <span class='ocrx_word' id='word_1_116' title='bbox 1193 2677 1378 2752; x_wconf 76' lang='lat' dir='ltr'>castellum</span> <span class='ocrx_word' id='word_1_117' title='bbox 1397 2693 1573 2754; x_wconf 85' lang='lat' dir='ltr'>veterana</span> 
     </span>
     <span class='ocr_line' id='line_1_18' title="bbox 502 2790 1574 2896; baseline 0.002 -28"><span class='ocrx_word' id='word_1_118' title='bbox 502 2795 660 2868; x_wconf 87' lang='lat' dir='ltr'>militum</span> <span class='ocrx_word' id='word_1_119' title='bbox 685 2793 887 2866; x_wconf 88' lang='lat' dir='ltr'>multorum</span> <span class='ocrx_word' id='word_1_120' title='bbox 898 2790 1084 2892; x_wconf 88' lang='lat' dir='ltr'>nobilitas)</span> <span class='ocrx_word' id='word_1_121' title='bbox 1099 2793 1147 2866; x_wconf 87' lang='lat' dir='ltr'>ad</span> <span class='ocrx_word' id='word_1_122' title='bbox 1170 2793 1275 2888; x_wconf 77' lang='lat' dir='ltr'>regiae</span> <span class='ocrx_word' id='word_1_123' title='bbox 1289 2793 1481 2891; x_wconf 85' lang='lat' dir='ltr'>majestatis</span> <span class='ocrx_word' id='word_1_124' title='bbox 1503 2823 1574 2896; x_wconf 90' lang='lat' dir='ltr'>pu-</span> 
     </span>
     <span class='ocr_line' id='line_1_19' title="bbox 501 2907 1570 3008; baseline 0.001 -24"><span class='ocrx_word' id='word_1_125' title='bbox 501 2910 639 2984; x_wconf 89' lang='lat' dir='ltr'>blicum</span> <span class='ocrx_word' id='word_1_126' title='bbox 651 2908 865 3004; x_wconf 81' lang='lat' dir='ltr'>confugiunt</span> <span class='ocrx_word' id='word_1_127' title='bbox 874 2908 1034 3005; x_wconf 87' lang='lat' dir='ltr'>asylum:</span> <span class='ocrx_word' id='word_1_128' title='bbox 1048 2907 1200 3005; x_wconf 89' lang='lat' dir='ltr'>genibus</span> <span class='ocrx_word' id='word_1_129' title='bbox 1211 2910 1289 3007; x_wconf 84' lang='lat' dir='ltr'>ejus</span> <span class='ocrx_word' id='word_1_130' title='bbox 1300 2912 1497 3008; x_wconf 84' lang='lat' dir='ltr'>provoluti,</span> <span class='ocrx_word' id='word_1_131' title='bbox 1514 2912 1570 2986; x_wconf 84' lang='lat' dir='ltr'>la·</span> 
     </span>
     <span class='ocr_line' id='line_1_20' title="bbox 503 3021 1571 3128; baseline -0.001 -25"><span class='ocrx_word' id='word_1_132' title='bbox 503 3025 717 3128; x_wconf 81' lang='lat' dir='ltr'>chrymabili</span> <span class='ocrx_word' id='word_1_133' title='bbox 733 3025 889 3120; x_wconf 87' lang='lat' dir='ltr'>singultu</span> <span class='ocrx_word' id='word_1_134' title='bbox 903 3041 1049 3125; x_wconf 89' lang='lat' dir='ltr'>captum</span> <span class='ocrx_word' id='word_1_135' title='bbox 1063 3021 1237 3100; x_wconf 89' lang='lat' dir='ltr'>comitem</span> <span class='ocrx_word' id='word_1_136' title='bbox 1242 3042 1280 3099; x_wconf 88' lang='lat' dir='ltr'>et</span> <span class='ocrx_word' id='word_1_137' title='bbox 1295 3027 1469 3126; x_wconf 83' lang='lat' dir='ltr'>captionis</span> <span class='ocrx_word' id='word_1_138' title='bbox 1485 3052 1571 3102; x_wconf 89' lang='lat' dir='ltr'>cau·</span> 
     </span>
     <span class='ocr_line' id='line_1_21' title="bbox 503 3139 1571 3241; baseline -0.001 -24"><span class='ocrx_word' id='word_1_139' title='bbox 503 3167 580 3217; x_wconf 90' lang='lat' dir='ltr'>sam</span> <span class='ocrx_word' id='word_1_140' title='bbox 595 3139 826 3232; x_wconf 89' lang='lat' dir='ltr'>denunciant,</span> <span class='ocrx_word' id='word_1_141' title='bbox 843 3153 879 3212; x_wconf 89' lang='lat' dir='ltr'>et</span> <span class='ocrx_word' id='word_1_142' title='bbox 891 3154 932 3212; x_wconf 92' lang='lat' dir='ltr'>ut</span> <span class='ocrx_word' id='word_1_143' title='bbox 946 3164 1031 3211; x_wconf 89' lang='lat' dir='ltr'>cum</span> <span class='ocrx_word' id='word_1_144' title='bbox 1054 3155 1219 3239; x_wconf 92' lang='lat' dir='ltr'>potenter</span> <span class='ocrx_word' id='word_1_145' title='bbox 1237 3143 1361 3239; x_wconf 87' lang='lat' dir='ltr'>eripiat</span> <span class='ocrx_word' id='word_1_146' title='bbox 1377 3142 1571 3241; x_wconf 91' lang='lat' dir='ltr'>multiplici</span> 
     </span>
     <span class='ocr_line' id='line_1_22' title="bbox 505 3257 1572 3360; baseline 0.001 -27"><span class='ocrx_word' id='word_1_147' title='bbox 505 3284 610 3360; x_wconf 90' lang='lat' dir='ltr'>prece</span> <span class='ocrx_word' id='word_1_148' title='bbox 634 3257 838 3332; x_wconf 88' lang='lat' dir='ltr'>sollicitant.</span> <span class='ocrx_word' id='word_1_149' title='bbox 857 3259 926 3356; x_wconf 89' lang='lat' dir='ltr'>Spe</span> <span class='ocrx_word' id='word_1_150' title='bbox 946 3274 1069 3330; x_wconf 88' lang='lat' dir='ltr'>autem</span> <span class='ocrx_word' id='word_1_151' title='bbox 1084 3258 1277 3355; x_wconf 88' lang='lat' dir='ltr'>ereptionis</span> <span class='ocrx_word' id='word_1_152' title='bbox 1301 3283 1346 3331; x_wconf 89' lang='lat' dir='ltr'>eo</span> <span class='ocrx_word' id='word_1_153' title='bbox 1365 3259 1572 3358; x_wconf 85' lang='lat' dir='ltr'>spondente</span> 
     </span>
     <span class='ocr_line' id='line_1_23' title="bbox 503 3370 1571 3475; baseline -0.001 -25"><span class='ocrx_word' id='word_1_154' title='bbox 503 3389 680 3472; x_wconf 88' lang='lat' dir='ltr'>suscepta,</span> <span class='ocrx_word' id='word_1_155' title='bbox 711 3372 802 3444; x_wconf 89' lang='lat' dir='ltr'>iram</span> <span class='ocrx_word' id='word_1_156' title='bbox 828 3371 1004 3467; x_wconf 88' lang='lat' dir='ltr'>mitigant,</span> <span class='ocrx_word' id='word_1_157' title='bbox 1033 3370 1198 3446; x_wconf 87' lang='lat' dir='ltr'>dolorem</span> <span class='ocrx_word' id='word_1_158' title='bbox 1229 3373 1414 3467; x_wconf 85' lang='lat' dir='ltr'>alleviant,</span> <span class='ocrx_word' id='word_1_159' title='bbox 1434 3392 1472 3448; x_wconf 96' lang='lat' dir='ltr'>et</span> <span class='ocrx_word' id='word_1_160' title='bbox 1494 3401 1571 3475; x_wconf 85' lang='lat' dir='ltr'>qua</span> 
     </span>
     <span class='ocr_line' id='line_1_24' title="bbox 504 3486 1571 3590; baseline 0 -26"><span class='ocrx_word' id='word_1_161' title='bbox 504 3507 601 3582; x_wconf 85' lang='lat' dir='ltr'>arte,</span> <span class='ocrx_word' id='word_1_162' title='bbox 623 3487 754 3588; x_wconf 91' lang='lat' dir='ltr'>quibus</span> <span class='ocrx_word' id='word_1_163' title='bbox 785 3486 922 3559; x_wconf 88' lang='lat' dir='ltr'>valeant</span> <span class='ocrx_word' id='word_1_164' title='bbox 950 3486 1106 3576; x_wconf 79' lang='lat' dir='ltr'>viribus,</span> <span class='ocrx_word' id='word_1_165' title='bbox 1137 3487 1328 3562; x_wconf 91' lang='lat' dir='ltr'>dominum</span> <span class='ocrx_word' id='word_1_166' title='bbox 1357 3515 1571 3590; x_wconf 81' lang='lat' dir='ltr'>recuperare</span> 
     </span>
     <span class='ocr_line' id='line_1_25' title="bbox 505 3603 1574 3704; baseline -0.001 -20"><span class='ocrx_word' id='word_1_167' title='bbox 505 3610 704 3684; x_wconf 86' lang='lat' dir='ltr'>decertant.</span> <span class='ocrx_word' id='word_1_168' title='bbox 714 3603 816 3676; x_wconf 86' lang='lat' dir='ltr'>Unde</span> <span class='ocrx_word' id='word_1_169' title='bbox 826 3619 1010 3677; x_wconf 88' lang='lat' dir='ltr'>actumest</span> <span class='ocrx_word' id='word_1_170' title='bbox 1024 3619 1068 3678; x_wconf 91' lang='lat' dir='ltr'>ut</span> <span class='ocrx_word' id='word_1_171' title='bbox 1077 3604 1227 3704; x_wconf 90' lang='lat' dir='ltr'>quidam</span> <span class='ocrx_word' id='word_1_172' title='bbox 1238 3607 1285 3682; x_wconf 89' lang='lat' dir='ltr'>de</span> <span class='ocrx_word' id='word_1_173' title='bbox 1296 3609 1478 3683; x_wconf 84' lang='lat' dir='ltr'>Firmitate</span> <span class='ocrx_word' id='word_1_174' title='bbox 1490 3610 1574 3684; x_wconf 85' lang='lat' dir='ltr'>Bal-</span> 
     </span>
    </p>
   </div>
   <div class='ocr_carea' id='block_1_3' title="bbox 502 3785 1573 4607">
    <p class='ocr_par' dir='ltr' id='par_1_3' title="bbox 546 3785 852 3849">
     <span class='ocr_line' id='line_1_26' title="bbox 546 3785 852 3849; baseline -0.007 -3"><span class='ocrx_word' id='word_1_175' title='bbox 546 3791 577 3849; x_wconf 87' lang='lat' dir='ltr'>l.</span> <span class='ocrx_word' id='word_1_176' title='bbox 593 3787 749 3845; x_wconf 77' lang='lat' dir='ltr'>Cractensts</span> <span class='ocrx_word' id='word_1_177' title='bbox 762 3785 852 3844; x_wconf 69' lang='lat' dir='ltr'>aaut.</span> 
     </span>
    </p>

    <p class='ocr_par' dir='ltr' id='par_1_4' title="bbox 504 3874 1573 4235">
     <span class='ocr_line' id='line_1_27' title="bbox 545 3874 1572 3957; baseline -0.003 -17"><span class='ocrx_word' id='word_1_178' title='bbox 545 3885 576 3940; x_wconf 75' lang='lat'>2.</span> <span class='ocrx_word' id='word_1_179' title='bbox 591 3883 703 3952; x_wconf 81' lang='lat' dir='ltr'>Fratri,</span> <span class='ocrx_word' id='word_1_180' title='bbox 720 3883 815 3935; x_wconf 78' lang='lat' dir='ltr'>comiti</span> <span class='ocrx_word' id='word_1_181' title='bbox 833 3874 1005 3936; x_wconf 77' lang='lat' dir='ltr'>Corbor&#39;lcnse‘</span> <span class='ocrx_word' id='word_1_182' title='bbox 1023 3877 1093 3938; x_wconf 73' lang='lat'>343.</span> <span class='ocrx_word' id='word_1_183' title='bbox 1113 3875 1253 3938; x_wconf 84' lang='lat' dir='ltr'>Uterinus</span> <span class='ocrx_word' id='word_1_184' title='bbox 1269 3877 1339 3939; x_wconf 73' lang='lat' dir='ltr'>saud</span> <span class='ocrx_word' id='word_1_185' title='bbox 1357 3879 1446 3939; x_wconf 77' lang='lat' dir='ltr'>irater</span> <span class='ocrx_word' id='word_1_186' title='bbox 1461 3881 1572 3957; x_wconf 78' lang='lat' dir='ltr'>Ilugo-</span> 
     </span>
     <span class='ocr_line' id='line_1_28' title="bbox 504 3967 1573 4053; baseline 0.001 -21"><span class='ocrx_word' id='word_1_187' title='bbox 504 3971 551 4033; x_wconf 85' lang='lat' dir='ltr'>nis</span> <span class='ocrx_word' id='word_1_188' title='bbox 571 3984 634 4031; x_wconf 84' lang='lat' dir='ltr'>crat</span> <span class='ocrx_word' id='word_1_189' title='bbox 651 3969 736 4048; x_wconf 75' lang='lat' dir='ltr'>Odol,</span> <span class='ocrx_word' id='word_1_190' title='bbox 758 3969 859 4049; x_wconf 76' lang='lat' dir='ltr'>utpote</span> <span class='ocrx_word' id='word_1_191' title='bbox 876 3968 952 4027; x_wconf 89' lang='lat' dir='ltr'>lilius</span> <span class='ocrx_word' id='word_1_192' title='bbox 970 3967 1110 4028; x_wconf 87' lang='lat' dir='ltr'>Burcardi</span> <span class='ocrx_word' id='word_1_193' title='bbox 1127 3973 1169 4046; x_wconf 91' lang='lat' dir='ltr'>II,</span> <span class='ocrx_word' id='word_1_194' title='bbox 1196 3969 1279 4052; x_wconf 87' lang='lat' dir='ltr'>cujus</span> <span class='ocrx_word' id='word_1_195' title='bbox 1292 3971 1378 4031; x_wconf 82' lang='lat' dir='ltr'>vidua</span> <span class='ocrx_word' id='word_1_196' title='bbox 1396 3972 1434 4032; x_wconf 85' lang='lat' dir='ltr'>ad</span> <span class='ocrx_word' id='word_1_197' title='bbox 1450 3972 1573 4053; x_wconf 79' lang='lat' dir='ltr'>nuptias</span> 
     </span>
     <span class='ocr_line' id='line_1_29' title="bbox 504 4059 1568 4146; baseline 0.002 -24"><span class='ocrx_word' id='word_1_198' title='bbox 504 4060 646 4122; x_wconf 88' lang='lat' dir='ltr'>Guidouis</span> <span class='ocrx_word' id='word_1_199' title='bbox 658 4059 750 4119; x_wconf 85' lang='lat' dir='ltr'>Rubei</span> <span class='ocrx_word' id='word_1_200' title='bbox 764 4060 979 4123; x_wconf 85' lang='lat' dir='ltr'>convolaverat.</span> <span class='ocrx_word' id='word_1_201' title='bbox 988 4063 1031 4120; x_wconf 87' lang='lat' dir='ltr'>De</span> <span class='ocrx_word' id='word_1_202' title='bbox 1041 4061 1097 4120; x_wconf 75' lang='lat' dir='ltr'>bic</span> <span class='ocrx_word' id='word_1_203' title='bbox 1103 4073 1198 4122; x_wconf 86' lang='lat' dir='ltr'>tamen</span> <span class='ocrx_word' id='word_1_204' title='bbox 1208 4061 1377 4146; x_wconf 77' lang='lat' dir='ltr'>genealogil</span> <span class='ocrx_word' id='word_1_205' title='bbox 1385 4063 1568 4124; x_wconf 72' lang='lat' dir='ltr'>benedictini</span> 
     </span>
     <span class='ocr_line' id='line_1_30' title="bbox 507 4155 682 4235; baseline 0.011 -21"><span class='ocrx_word' id='word_1_206' title='bbox 507 4155 682 4235; x_wconf 88' lang='lat' dir='ltr'>discrepant.</span> 
     </span>
    </p>

    <p class='ocr_par' dir='ltr' id='par_1_5' title="bbox 502 4247 1567 4413">
     <span class='ocr_line' id='line_1_31' title="bbox 543 4247 1567 4331; baseline -0.001 -19"><span class='ocrx_word' id='word_1_207' title='bbox 543 4253 572 4312; x_wconf 81' lang='grc'>3.</span> <span class='ocrx_word' id='word_1_208' title='bbox 586 4257 632 4310; x_wconf 84' lang='lat' dir='ltr'>La</span> <span class='ocrx_word' id='word_1_209' title='bbox 647 4251 847 4324; x_wconf 72' lang='lat' dir='ltr'>Ferte-Aleps,</span> <span class='ocrx_word' id='word_1_210' title='bbox 860 4259 893 4306; x_wconf 91' lang='lat' dir='ltr'>ut</span> <span class='ocrx_word' id='word_1_211' title='bbox 904 4259 987 4327; x_wconf 88' lang='lat' dir='ltr'>putat</span> <span class='ocrx_word' id='word_1_212' title='bbox 998 4247 1146 4323; x_wconf 75' lang='lat' dir='ltr'>Valesius,</span> <span class='ocrx_word' id='word_1_213' title='bbox 1165 4248 1248 4331; x_wconf 86' lang='lat' dir='ltr'>cujus</span> <span class='ocrx_word' id='word_1_214' title='bbox 1261 4250 1319 4311; x_wconf 90' lang='lat' dir='ltr'>loci</span> <span class='ocrx_word' id='word_1_215' title='bbox 1333 4269 1439 4311; x_wconf 88' lang='lat' dir='ltr'>nomen</span> <span class='ocrx_word' id='word_1_216' title='bbox 1453 4251 1567 4312; x_wconf 73' lang='lat' dir='ltr'>metius</span> 
     </span>
     <span class='ocr_line' id='line_1_32' title="bbox 502 4339 1283 4413; baseline 0.005 -11"><span class='ocrx_word' id='word_1_217' title='bbox 502 4342 676 4402; x_wconf 78' lang='lat' dir='ltr'>scriberetur</span> <span class='ocrx_word' id='word_1_218' title='bbox 690 4346 719 4399; x_wconf 85' lang='lat' dir='ltr'>la</span> <span class='ocrx_word' id='word_1_219' title='bbox 732 4343 923 4413; x_wconf 66' lang='lat' dir='ltr'>fene-Ataia,</span> <span class='ocrx_word' id='word_1_220' title='bbox 934 4341 972 4400; x_wconf 88' lang='lat' dir='ltr'>ab</span> <span class='ocrx_word' id='word_1_221' title='bbox 980 4339 1061 4401; x_wconf 79' lang='lat' dir='ltr'>Alice</span> <span class='ocrx_word' id='word_1_222' title='bbox 1075 4341 1121 4403; x_wconf 83' lang='lat' dir='ltr'>vel</span> <span class='ocrx_word' id='word_1_223' title='bbox 1133 4341 1283 4406; x_wconf 82' lang='lat' dir='ltr'>Adclatde.</span> 
     </span>
    </p>

    <p class='ocr_par' dir='ltr' id='par_1_6' title="bbox 543 4421 1392 4517">
     <span class='ocr_line' id='line_1_33' title="bbox 543 4421 1392 4517; baseline 0.004 -21"><span class='ocrx_word' id='word_1_224' title='bbox 543 4441 572 4499; x_wconf 76' lang='lat' dir='ltr'>a.</span> <span class='ocrx_word' id='word_1_225' title='bbox 588 4436 634 4495; x_wconf 71' lang='lat' dir='ltr'>sic</span> <span class='ocrx_word' id='word_1_226' title='bbox 647 4437 716 4510; x_wconf 77' lang='lat' dir='ltr'>aaa,</span> <span class='ocrx_word' id='word_1_227' title='bbox 731 4437 803 4508; x_wconf 74' lang='lat' dir='ltr'>raa,</span> <span class='ocrx_word' id='word_1_228' title='bbox 817 4445 846 4494; x_wconf 81' lang='lat' dir='ltr'>et</span> <span class='ocrx_word' id='word_1_229' title='bbox 861 4435 979 4496; x_wconf 68' lang='grc' dir='ltr'><strong>«ια.-</strong></span> <span class='ocrx_word' id='word_1_230' title='bbox 990 4421 1294 4517; x_wconf 50' lang='lat' dir='ltr'>castrametatas</span> <span class='ocrx_word' id='word_1_231' title='bbox 1306 4438 1392 4499; x_wconf 70' lang='lat' dir='ltr'>cond.</span> 
     </span>
    </p>

    <p class='ocr_par' dir='ltr' id='par_1_7' title="bbox 543 4528 1283 4607">
     <span class='ocr_line' id='line_1_34' title="bbox 543 4528 1283 4607; baseline -0.003 -17"><span class='ocrx_word' id='word_1_232' title='bbox 543 4536 571 4594; x_wconf 79' lang='lat'>5.</span> <span class='ocrx_word' id='word_1_233' title='bbox 591 4528 744 4607; x_wconf 82' lang='lat' dir='ltr'>Opimabnt</span> <span class='ocrx_word' id='word_1_234' title='bbox 757 4533 815 4589; x_wconf 79' lang='lat'>135</span> <span class='ocrx_word' id='word_1_235' title='bbox 832 4541 860 4588; x_wconf 84' lang='lat' dir='ltr'>et</span> <span class='ocrx_word' id='word_1_236' title='bbox 875 4533 945 4592; x_wconf 69' lang='lat'>543.</span> <span class='ocrx_word' id='word_1_237' title='bbox 1279 4552 1283 4557; x_wconf 69' lang='grc'><strong>”</strong></span> 
     </span>
    </p>
   </div>
   <div class='ocr_carea' id='block_1_4' title="bbox 0 0 1876 5667">
    <p class='ocr_par' dir='ltr' id='par_1_8' title="bbox 0 0 1876 5667">
     <span class='ocr_line' id='line_1_35' title="bbox 0 0 1876 5667; baseline 0 2"><span class='ocrx_word' id='word_1_238' title='bbox 0 0 1876 5667; x_wconf 95' lang='lat' dir='ltr'> </span> 
     </span>
    </p>
   </div>
  </div>
 </body>
</html>
