<?xml version="1.0" encoding="UTF-8"?>
<!DOCTYPE html PUBLIC "-//W3C//DTD XHTML 1.0 Transitional//EN"
    "http://www.w3.org/TR/xhtml1/DTD/xhtml1-transitional.dtd">
<html xmlns="http://www.w3.org/1999/xhtml" xml:lang="en" lang="en">
 <head>
  <title>
</title>
<meta http-equiv="Content-Type" content="text/html;charset=utf-8" />
  <meta name='ocr-system' content='tesseract 3.04.00' />
  <meta name='ocr-capabilities' content='ocr_page ocr_carea ocr_par ocr_line ocrx_word'/>
</head>
<body>
  <div class='ocr_page' id='page_1' title='image "./oeuvrescompltes00sugegoog_0126.png"; bbox 0 0 3742 5667; ppageno 0'>
   <div class='ocr_carea' id='block_1_1' title="bbox 487 780 1328 859">
    <p class='ocr_par' dir='ltr' id='par_1_1' title="bbox 487 780 1328 859">
     <span class='ocr_line' id='line_1_1' title="bbox 487 780 1328 859; baseline 0.004 -3"><span class='ocrx_word' id='word_1_1' title='bbox 487 799 527 856; x_wconf 83' lang='lat' dir='ltr'><strong>ao</strong></span> <span class='ocrx_word' id='word_1_2' title='bbox 697 795 863 854; x_wconf 83' lang='lat' dir='ltr'><strong>muvnns</strong></span> <span class='ocrx_word' id='word_1_3' title='bbox 885 780 1101 855; x_wconf 66' lang='lat' dir='ltr'><strong>comburas</strong></span> <span class='ocrx_word' id='word_1_4' title='bbox 1122 799 1172 855; x_wconf 85' lang='lat' dir='ltr'><strong>nn</strong></span> <span class='ocrx_word' id='word_1_5' title='bbox 1193 798 1328 859; x_wconf 79' lang='lat' dir='ltr'><strong>succa.</strong></span> 
     </span>
    </p>
   </div>
   <div class='ocr_carea' id='block_1_2' title="bbox 479 928 1547 3226">
    <p class='ocr_par' dir='ltr' id='par_1_2' title="bbox 479 928 1547 3226">
     <span class='ocr_line' id='line_1_2' title="bbox 479 928 1542 1005; baseline 0.002 -4"><span class='ocrx_word' id='word_1_6' title='bbox 479 944 537 1001; x_wconf 89' lang='lat' dir='ltr'><strong>cet</strong></span> <span class='ocrx_word' id='word_1_7' title='bbox 554 928 779 1004; x_wconf 87' lang='lat' dir='ltr'><strong>nobilissimo</strong></span> <span class='ocrx_word' id='word_1_8' title='bbox 804 930 936 1003; x_wconf 84' lang='lat' dir='ltr'>comite</span> <span class='ocrx_word' id='word_1_9' title='bbox 962 930 1235 1002; x_wconf 91' lang='lat' dir='ltr'><strong>Viromandensi</strong></span> <span class='ocrx_word' id='word_1_10' title='bbox 1257 929 1429 1004; x_wconf 87' lang='lat' dir='ltr'><strong>Radulfo¹</strong></span> <span class='ocrx_word' id='word_1_11' title='bbox 1453 958 1542 1005; x_wconf 92' lang='lat' dir='ltr'><strong>con·</strong></span> 
     </span>
     <span class='ocr_line' id='line_1_3' title="bbox 480 1044 1547 1143; baseline 0.004 -26"><span class='ocrx_word' id='word_1_12' title='bbox 480 1048 675 1141; x_wconf 84' lang='lat' dir='ltr'><strong>sanguineo</strong></span> <span class='ocrx_word' id='word_1_13' title='bbox 701 1072 785 1137; x_wconf 92' lang='lat' dir='ltr'><strong>suo,</strong></span> <span class='ocrx_word' id='word_1_14' title='bbox 812 1051 981 1143; x_wconf 88' lang='lat' dir='ltr'><strong>Drogone</strong></span> <span class='ocrx_word' id='word_1_15' title='bbox 1008 1044 1276 1141; x_wconf 83' lang='lat' dir='ltr'><strong>Montiaoensi’,</strong></span> <span class='ocrx_word' id='word_1_16' title='bbox 1309 1045 1452 1120; x_wconf 90' lang='lat' dir='ltr'><strong>duobus</strong></span> <span class='ocrx_word' id='word_1_17' title='bbox 1482 1063 1547 1123; x_wconf 90' lang='lat' dir='ltr'><strong>aut</strong></span> 
     </span>
     <span class='ocr_line' id='line_1_4' title="bbox 480 1160 1546 1260; baseline 0.005 -28"><span class='ocrx_word' id='word_1_18' title='bbox 480 1160 597 1233; x_wconf 90' lang='lat' dir='ltr'><strong>tribus</strong></span> <span class='ocrx_word' id='word_1_19' title='bbox 611 1160 701 1255; x_wconf 89' lang='lat' dir='ltr'><strong>aliis,</strong></span> <span class='ocrx_word' id='word_1_20' title='bbox 720 1161 932 1258; x_wconf 83' lang='lat' dir='ltr'><strong>dedignatus</strong></span> <span class='ocrx_word' id='word_1_21' title='bbox 948 1160 1070 1233; x_wconf 91' lang='lat' dir='ltr'><strong>villam</strong></span> <span class='ocrx_word' id='word_1_22' title='bbox 1087 1161 1217 1235; x_wconf 91' lang='lat' dir='ltr'><strong>timore</strong></span> <span class='ocrx_word' id='word_1_23' title='bbox 1234 1160 1387 1260; x_wconf 84' lang='lat' dir='ltr'>regredi,</span> <span class='ocrx_word' id='word_1_24' title='bbox 1403 1189 1546 1237; x_wconf 87' lang='lat' dir='ltr'><strong>memor</strong></span> 
     </span>
     <span class='ocr_line' id='line_1_5' title="bbox 481 1277 1545 1377; baseline 0.004 -28"><span class='ocrx_word' id='word_1_25' title='bbox 481 1278 641 1377; x_wconf 83' lang='lat' dir='ltr'><strong>pristinae</strong></span> <span class='ocrx_word' id='word_1_26' title='bbox 658 1278 813 1367; x_wconf 89' lang='lat' dir='ltr'><strong>virtutis,</strong></span> <span class='ocrx_word' id='word_1_27' title='bbox 836 1277 944 1374; x_wconf 90' lang='lat' dir='ltr'><strong>elegit</strong></span> <span class='ocrx_word' id='word_1_28' title='bbox 963 1277 1124 1351; x_wconf 88' lang='lat' dir='ltr'><strong>hostium</strong></span> <span class='ocrx_word' id='word_1_29' title='bbox 1147 1277 1302 1377; x_wconf 91' lang='lat' dir='ltr'><strong>impetus</strong></span> <span class='ocrx_word' id='word_1_30' title='bbox 1319 1295 1545 1353; x_wconf 90' lang='lat' dir='ltr'><strong>armatorum</strong></span> 
     </span>
     <span class='ocr_line' id='line_1_6' title="bbox 481 1393 1542 1492; baseline 0.003 -26"><span class='ocrx_word' id='word_1_31' title='bbox 481 1394 708 1492; x_wconf 89' lang='lat' dir='ltr'><strong>gravissimos</strong></span> <span class='ocrx_word' id='word_1_32' title='bbox 731 1409 768 1466; x_wconf 89' lang='lat' dir='ltr'><strong>et</strong></span> <span class='ocrx_word' id='word_1_33' title='bbox 794 1418 888 1492; x_wconf 88' lang='lat' dir='ltr'><strong>pene</strong></span> <span class='ocrx_word' id='word_1_34' title='bbox 912 1393 1192 1466; x_wconf 84' lang='lat' dir='ltr'><strong>innumerabiles</strong></span> <span class='ocrx_word' id='word_1_35' title='bbox 1217 1396 1415 1467; x_wconf 72' lang='lat' dir='ltr'><strong>sustinere·</strong></span> <span class='ocrx_word' id='word_1_36' title='bbox 1436 1397 1542 1489; x_wconf 87' lang='lat' dir='ltr'><strong>ictus,</strong></span> 
     </span>
     <span class='ocr_line' id='line_1_7' title="bbox 481 1508 1545 1611; baseline 0.005 -30"><span class='ocrx_word' id='word_1_37' title='bbox 481 1535 591 1610; x_wconf 89' lang='lat' dir='ltr'><strong>quam</strong></span> <span class='ocrx_word' id='word_1_38' title='bbox 608 1510 637 1583; x_wconf 93' lang='lat' dir='ltr'><strong>si</strong></span> <span class='ocrx_word' id='word_1_39' title='bbox 652 1524 795 1582; x_wconf 89' lang='lat' dir='ltr'><strong>coactus</strong></span> <span class='ocrx_word' id='word_1_40' title='bbox 808 1508 930 1583; x_wconf 92' lang='lat' dir='ltr'><strong>villam</strong></span> <span class='ocrx_word' id='word_1_41' title='bbox 951 1510 1086 1582; x_wconf 87' lang='lat' dir='ltr'><strong>intrare</strong></span> <span class='ocrx_word' id='word_1_42' title='bbox 1106 1525 1268 1606; x_wconf 83' lang='lat' dir='ltr'><strong>cogatur,</strong></span> <span class='ocrx_word' id='word_1_43' title='bbox 1283 1512 1436 1611; x_wconf 85' lang='lat' dir='ltr'><strong>propriae</strong></span> <span class='ocrx_word' id='word_1_44' title='bbox 1451 1526 1545 1586; x_wconf 89' lang='lat' dir='ltr'><strong>stre·</strong></span> 
     </span>
     <span class='ocr_line' id='line_1_8' title="bbox 480 1626 1545 1726; baseline 0.004 -28"><span class='ocrx_word' id='word_1_45' title='bbox 480 1628 608 1699; x_wconf 91' lang='lat' dir='ltr'><strong>nuitati</strong></span> <span class='ocrx_word' id='word_1_46' title='bbox 630 1642 667 1698; x_wconf 90' lang='lat' dir='ltr'><strong>et</strong></span> <span class='ocrx_word' id='word_1_47' title='bbox 689 1627 780 1723; x_wconf 89' lang='lat' dir='ltr'><strong>regis</strong></span> <span class='ocrx_word' id='word_1_48' title='bbox 798 1626 1013 1700; x_wconf 79' lang='lat' dir='ltr'><strong>excellentiae</strong></span> <span class='ocrx_word' id='word_1_49' title='bbox 1036 1626 1221 1721; x_wconf 84' lang='lat' dir='ltr'>derogare.</span> <span class='ocrx_word' id='word_1_50' title='bbox 1241 1630 1405 1726; x_wconf 86' lang='lat' dir='ltr'><strong>Cumque</strong></span> <span class='ocrx_word' id='word_1_51' title='bbox 1421 1653 1545 1703; x_wconf 91' lang='lat' dir='ltr'><strong>comes</strong></span> 
     </span>
     <span class='ocr_line' id='line_1_9' title="bbox 479 1740 1546 1844; baseline 0.002 -29"><span class='ocrx_word' id='word_1_52' title='bbox 479 1740 720 1833; x_wconf 84' lang='lat' dir='ltr'><strong>Theobaldus,</strong></span> <span class='ocrx_word' id='word_1_53' title='bbox 731 1742 808 1840; x_wconf 90' lang='lat' dir='ltr'><strong>jam</strong></span> <span class='ocrx_word' id='word_1_54' title='bbox 823 1766 861 1815; x_wconf 91' lang='lat' dir='ltr'><strong>se</strong></span> <span class='ocrx_word' id='word_1_55' title='bbox 874 1741 1050 1814; x_wconf 89' lang='lat' dir='ltr'><strong>victorem</strong></span> <span class='ocrx_word' id='word_1_56' title='bbox 1062 1741 1269 1835; x_wconf 84' lang='lat' dir='ltr'><strong>arbitratus,</strong></span> <span class='ocrx_word' id='word_1_57' title='bbox 1288 1744 1442 1816; x_wconf 88' lang='lat' dir='ltr'><strong>tentoria</strong></span> <span class='ocrx_word' id='word_1_58' title='bbox 1456 1769 1546 1844; x_wconf 71' lang='lat' dir='ltr'><strong>prae·</strong></span> 
     </span>
     <span class='ocr_line' id='line_1_10' title="bbox 480 1854 1544 1932; baseline -0.001 0"><span class='ocrx_word' id='word_1_59' title='bbox 480 1859 542 1932; x_wconf 86' lang='lat' dir='ltr'><strong>fati</strong></span> <span class='ocrx_word' id='word_1_60' title='bbox 557 1857 847 1931; x_wconf 88' lang='lat' dir='ltr'><strong>Viromandensis</strong></span> <span class='ocrx_word' id='word_1_61' title='bbox 864 1856 1008 1930; x_wconf 91' lang='lat' dir='ltr'><strong>comitis</strong></span> <span class='ocrx_word' id='word_1_62' title='bbox 1028 1854 1242 1931; x_wconf 88' lang='lat' dir='ltr'><strong>detruncare</strong></span> <span class='ocrx_word' id='word_1_63' title='bbox 1260 1858 1375 1931; x_wconf 85' lang='lat' dir='ltr'><strong>multa</strong></span> <span class='ocrx_word' id='word_1_64' title='bbox 1393 1860 1544 1931; x_wconf 86' lang='lat' dir='ltr'><strong>audacia</strong></span> 
     </span>
     <span class='ocr_line' id='line_1_11' title="bbox 481 1972 1546 2073; baseline -0.002 -24"><span class='ocrx_word' id='word_1_65' title='bbox 481 1977 707 2067; x_wconf 84' lang='lat' dir='ltr'><strong>inniteretur,</strong></span> <span class='ocrx_word' id='word_1_66' title='bbox 737 1975 865 2047; x_wconf 82' lang='lat' dir='ltr'><strong>assistit</strong></span> <span class='ocrx_word' id='word_1_67' title='bbox 885 1974 918 2045; x_wconf 89' lang='lat' dir='ltr'><strong>ei</strong></span> <span class='ocrx_word' id='word_1_68' title='bbox 948 1997 1069 2046; x_wconf 91' lang='lat' dir='ltr'><strong>comes</strong></span> <span class='ocrx_word' id='word_1_69' title='bbox 1093 1974 1186 2046; x_wconf 89' lang='lat' dir='ltr'><strong>mira</strong></span> <span class='ocrx_word' id='word_1_70' title='bbox 1210 1972 1398 2047; x_wconf 90' lang='lat' dir='ltr'><strong>velocitate</strong></span> <span class='ocrx_word' id='word_1_71' title='bbox 1430 1976 1492 2073; x_wconf 90' lang='lat' dir='ltr'><strong>qui</strong></span> <span class='ocrx_word' id='word_1_72' title='bbox 1509 1976 1546 2048; x_wconf 93' lang='lat' dir='ltr'><strong>ei</strong></span> 
     </span>
     <span class='ocr_line' id='line_1_12' title="bbox 480 2089 1546 2192; baseline 0.002 -29"><span class='ocrx_word' id='word_1_73' title='bbox 480 2093 730 2192; x_wconf 85' lang='lat' dir='ltr'><strong>improperans</strong></span> <span class='ocrx_word' id='word_1_74' title='bbox 743 2114 930 2190; x_wconf 91' lang='lat' dir='ltr'><strong>nunquam</strong></span> <span class='ocrx_word' id='word_1_75' title='bbox 943 2089 1116 2163; x_wconf 89' lang='lat' dir='ltr'><strong>hactenus</strong></span> <span class='ocrx_word' id='word_1_76' title='bbox 1127 2090 1288 2163; x_wconf 87' lang='lat' dir='ltr'><strong>Brienses</strong></span> <span class='ocrx_word' id='word_1_77' title='bbox 1306 2107 1430 2165; x_wconf 90' lang='lat' dir='ltr'><strong>contra</strong></span> <span class='ocrx_word' id='word_1_78' title='bbox 1447 2093 1546 2165; x_wconf 88' lang='lat' dir='ltr'><strong>Viro·</strong></span> 
     </span>
     <span class='ocr_line' id='line_1_13' title="bbox 481 2206 1544 2308; baseline 0 -27"><span class='ocrx_word' id='word_1_79' title='bbox 481 2208 693 2282; x_wconf 84' lang='lat' dir='ltr'><strong>mandenses</strong></span> <span class='ocrx_word' id='word_1_80' title='bbox 707 2209 791 2281; x_wconf 91' lang='lat' dir='ltr'><strong>talia</strong></span> <span class='ocrx_word' id='word_1_81' title='bbox 811 2206 1089 2308; x_wconf 88' lang='lat' dir='ltr'><strong>praesumpsisse,</strong></span> <span class='ocrx_word' id='word_1_82' title='bbox 1112 2208 1216 2280; x_wconf 88' lang='lat' dir='ltr'><strong>irruit</strong></span> <span class='ocrx_word' id='word_1_83' title='bbox 1237 2208 1275 2279; x_wconf 92' lang='lat' dir='ltr'><strong>in</strong></span> <span class='ocrx_word' id='word_1_84' title='bbox 1292 2232 1390 2300; x_wconf 92' lang='lat' dir='ltr'><strong>eum,</strong></span> <span class='ocrx_word' id='word_1_85' title='bbox 1410 2208 1544 2282; x_wconf 89' lang='lat' dir='ltr'><strong>multo·</strong></span> 
     </span>
     <span class='ocr_line' id='line_1_14' title="bbox 481 2320 1546 2422; baseline 0 -25"><span class='ocrx_word' id='word_1_86' title='bbox 481 2349 552 2422; x_wconf 90' lang='lat' dir='ltr'><strong>que</strong></span> <span class='ocrx_word' id='word_1_87' title='bbox 560 2339 691 2396; x_wconf 88' lang='lat' dir='ltr'><strong>conatu</strong></span> <span class='ocrx_word' id='word_1_88' title='bbox 703 2322 809 2397; x_wconf 82' lang='lat' dir='ltr'><strong>illatae</strong></span> <span class='ocrx_word' id='word_1_89' title='bbox 821 2323 960 2419; x_wconf 87' lang='lat' dir='ltr'><strong>injuriae</strong></span> <span class='ocrx_word' id='word_1_90' title='bbox 972 2324 1088 2395; x_wconf 89' lang='lat' dir='ltr'><strong>vicem</strong></span> <span class='ocrx_word' id='word_1_91' title='bbox 1100 2324 1111 2361; x_wconf 76' lang='lat'>⁸</span> <span class='ocrx_word' id='word_1_92' title='bbox 1123 2320 1337 2422; x_wconf 88' lang='lat' dir='ltr'><strong>rependens,</strong></span> <span class='ocrx_word' id='word_1_93' title='bbox 1348 2322 1546 2397; x_wconf 86' lang='lat' dir='ltr'><strong>fortissime</strong></span> 
     </span>
     <span class='ocr_line' id='line_1_15' title="bbox 481 2437 1545 2538; baseline -0.001 -26"><span class='ocrx_word' id='word_1_94' title='bbox 481 2438 633 2538; x_wconf 83' lang='lat' dir='ltr'><strong>repellit.</strong></span> <span class='ocrx_word' id='word_1_95' title='bbox 650 2438 759 2537; x_wconf 87' lang='lat' dir='ltr'><strong>Cujus</strong></span> <span class='ocrx_word' id='word_1_96' title='bbox 782 2454 858 2511; x_wconf 86' lang='lat' dir='ltr'><strong>tam</strong></span> <span class='ocrx_word' id='word_1_97' title='bbox 871 2439 1003 2511; x_wconf 91' lang='lat' dir='ltr'><strong>virtute</strong></span> <span class='ocrx_word' id='word_1_98' title='bbox 1023 2460 1134 2536; x_wconf 91' lang='lat' dir='ltr'><strong>quam</strong></span> <span class='ocrx_word' id='word_1_99' title='bbox 1158 2437 1315 2510; x_wconf 83' lang='lat' dir='ltr'><strong>clamore</strong></span> <span class='ocrx_word' id='word_1_100' title='bbox 1340 2439 1427 2535; x_wconf 90' lang='lat' dir='ltr'><strong>regii</strong></span> <span class='ocrx_word' id='word_1_101' title='bbox 1449 2439 1545 2511; x_wconf 81' lang='lat' dir='ltr'><strong>exhi·</strong></span> 
     </span>
     <span class='ocr_line' id='line_1_16' title="bbox 482 2554 1546 2652; baseline 0 -24"><span class='ocrx_word' id='word_1_102' title='bbox 482 2555 587 2628; x_wconf 91' lang='lat' dir='ltr'><strong>larati</strong></span> <span class='ocrx_word' id='word_1_103' title='bbox 604 2554 764 2652; x_wconf 89' lang='lat' dir='ltr'><strong>quirites,</strong></span> <span class='ocrx_word' id='word_1_104' title='bbox 781 2556 820 2626; x_wconf 90' lang='lat' dir='ltr'><strong>in</strong></span> <span class='ocrx_word' id='word_1_105' title='bbox 832 2578 894 2626; x_wconf 90' lang='lat' dir='ltr'><strong>eos</strong></span> <span class='ocrx_word' id='word_1_106' title='bbox 910 2554 1086 2647; x_wconf 88' lang='lat' dir='ltr'><strong>insiliunt,</strong></span> <span class='ocrx_word' id='word_1_107' title='bbox 1101 2568 1180 2626; x_wconf 92' lang='lat' dir='ltr'><strong>toto</strong></span> <span class='ocrx_word' id='word_1_108' title='bbox 1192 2554 1314 2627; x_wconf 91' lang='lat' dir='ltr'><strong>animo</strong></span> <span class='ocrx_word' id='word_1_109' title='bbox 1326 2578 1455 2627; x_wconf 90' lang='lat' dir='ltr'><strong>eorum</strong></span> <span class='ocrx_word' id='word_1_110' title='bbox 1467 2579 1546 2628; x_wconf 89' lang='lat' dir='ltr'><strong>san-</strong></span> 
     </span>
     <span class='ocr_line' id='line_1_17' title="bbox 481 2670 1544 2767; baseline 0.002 -25"><span class='ocrx_word' id='word_1_111' title='bbox 481 2671 628 2762; x_wconf 84' lang='lat' dir='ltr'><strong>guinem</strong></span> <span class='ocrx_word' id='word_1_112' title='bbox 659 2671 816 2744; x_wconf 89' lang='lat' dir='ltr'><strong>sitientes</strong></span> <span class='ocrx_word' id='word_1_113' title='bbox 841 2670 1111 2767; x_wconf 90' lang='lat' dir='ltr'><strong>aggrediuntur,</strong></span> <span class='ocrx_word' id='word_1_114' title='bbox 1125 2670 1279 2761; x_wconf 87' lang='lat' dir='ltr'><strong>caedunt,</strong></span> <span class='ocrx_word' id='word_1_115' title='bbox 1293 2670 1544 2762; x_wconf 87' lang='lat' dir='ltr'><strong>dehonestant,</strong></span> 
     </span>
     <span class='ocr_line' id='line_1_18' title="bbox 483 2786 1547 2887; baseline 0.001 -27"><span class='ocrx_word' id='word_1_116' title='bbox 483 2804 519 2861; x_wconf 91' lang='lat' dir='ltr'><strong>et</strong></span> <span class='ocrx_word' id='word_1_117' title='bbox 536 2812 651 2887; x_wconf 91' lang='lat' dir='ltr'><strong>usque</strong></span> <span class='ocrx_word' id='word_1_118' title='bbox 670 2787 875 2881; x_wconf 91' lang='lat' dir='ltr'><strong>Puteolum,</strong></span> <span class='ocrx_word' id='word_1_119' title='bbox 898 2788 1058 2860; x_wconf 88' lang='lat' dir='ltr'><strong>etiamsi</strong></span> <span class='ocrx_word' id='word_1_120' title='bbox 1086 2802 1190 2887; x_wconf 88' lang='lat' dir='ltr'><strong>porta</strong></span> <span class='ocrx_word' id='word_1_121' title='bbox 1215 2786 1394 2877; x_wconf 86' lang='lat' dir='ltr'><strong>sorderet,</strong></span> <span class='ocrx_word' id='word_1_122' title='bbox 1422 2787 1547 2861; x_wconf 90' lang='lat' dir='ltr'><strong>multis</strong></span> 
     </span>
     <span class='ocr_line' id='line_1_19' title="bbox 482 2900 1546 3003; baseline 0 -28"><span class='ocrx_word' id='word_1_123' title='bbox 482 2927 609 2975; x_wconf 88' lang='lat' dir='ltr'><strong>eorum</strong></span> <span class='ocrx_word' id='word_1_124' title='bbox 621 2903 780 2995; x_wconf 88' lang='lat' dir='ltr'><strong>retentis,</strong></span> <span class='ocrx_word' id='word_1_125' title='bbox 792 2900 958 3003; x_wconf 91' lang='lat' dir='ltr'><strong>pluribus</strong></span> <span class='ocrx_word' id='word_1_126' title='bbox 978 2904 1214 3002; x_wconf 88' lang='lat' dir='ltr'><strong>interemptis,</strong></span> <span class='ocrx_word' id='word_1_127' title='bbox 1233 2918 1375 2976; x_wconf 89' lang='lat' dir='ltr'><strong>coactos</strong></span> <span class='ocrx_word' id='word_1_128' title='bbox 1393 2919 1546 2975; x_wconf 88' lang='lat' dir='ltr'><strong>retruse-</strong></span> 
     </span>
     <span class='ocr_line' id='line_1_20' title="bbox 480 3018 1547 3118; baseline 0 -27"><span class='ocrx_word' id='word_1_129' title='bbox 480 3035 567 3092; x_wconf 91' lang='lat' dir='ltr'><strong>runt</strong></span> <span class='ocrx_word' id='word_1_130' title='bbox 586 3048 594 3091; x_wconf 80' lang='lat' dir='ltr'><strong><em>z</em></strong></span> <span class='ocrx_word' id='word_1_131' title='bbox 614 3035 650 3092; x_wconf 89' lang='lat' dir='ltr'><strong>et</strong></span> <span class='ocrx_word' id='word_1_132' title='bbox 667 3036 708 3092; x_wconf 90' lang='lat' dir='ltr'><strong>ut</strong></span> <span class='ocrx_word' id='word_1_133' title='bbox 726 3018 890 3092; x_wconf 84' lang='lat' dir='ltr'><strong>sehabet</strong></span> <span class='ocrx_word' id='word_1_134' title='bbox 911 3019 997 3092; x_wconf 89' lang='lat' dir='ltr'><strong>belli</strong></span> <span class='ocrx_word' id='word_1_135' title='bbox 1019 3018 1151 3091; x_wconf 88' lang='lat' dir='ltr'><strong>dubius</strong></span> <span class='ocrx_word' id='word_1_136' title='bbox 1171 3034 1334 3111; x_wconf 89' lang='lat' dir='ltr'><strong>eventus,</strong></span> <span class='ocrx_word' id='word_1_137' title='bbox 1362 3020 1425 3118; x_wconf 94' lang='lat' dir='ltr'><strong>qui</strong></span> <span class='ocrx_word' id='word_1_138' title='bbox 1445 3020 1547 3117; x_wconf 91' lang='lat' dir='ltr'><strong>prius</strong></span> 
     </span>
     <span class='ocr_line' id='line_1_21' title="bbox 483 3134 1547 3226; baseline 0 -19"><span class='ocrx_word' id='word_1_139' title='bbox 483 3160 521 3207; x_wconf 93' lang='lat' dir='ltr'><strong>se</strong></span> <span class='ocrx_word' id='word_1_140' title='bbox 543 3136 694 3208; x_wconf 84' lang='lat' dir='ltr'><strong>victores</strong></span> <span class='ocrx_word' id='word_1_141' title='bbox 718 3135 1002 3226; x_wconf 87' lang='lat' dir='ltr'><strong>arbitrabantur,</strong></span> <span class='ocrx_word' id='word_1_142' title='bbox 1028 3135 1245 3207; x_wconf 89' lang='lat' dir='ltr'><strong>erubescunt</strong></span> <span class='ocrx_word' id='word_1_143' title='bbox 1269 3135 1395 3225; x_wconf 90' lang='lat' dir='ltr'><strong>victos,</strong></span> <span class='ocrx_word' id='word_1_144' title='bbox 1422 3134 1547 3208; x_wconf 90' lang='lat' dir='ltr'><strong>dolent</strong></span> 
     </span>
    </p>
   </div>
   <div class='ocr_carea' id='block_1_3' title="bbox 481 3250 1548 3929">
    <p class='ocr_par' dir='ltr' id='par_1_3' title="bbox 481 3250 1548 3929">
     <span class='ocr_line' id='line_1_22' title="bbox 482 3250 1547 3351; baseline -0.004 -26"><span class='ocrx_word' id='word_1_145' title='bbox 482 3266 619 3350; x_wconf 81' lang='lat' dir='ltr'><strong>captos,</strong></span> <span class='ocrx_word' id='word_1_146' title='bbox 638 3250 827 3350; x_wconf 89' lang='lat' dir='ltr'><strong>deplorant</strong></span> <span class='ocrx_word' id='word_1_147' title='bbox 846 3254 1093 3351; x_wconf 88' lang='lat' dir='ltr'><strong>interemptos.</strong></span> <span class='ocrx_word' id='word_1_148' title='bbox 1117 3256 1279 3349; x_wconf 90' lang='lat' dir='ltr'><strong>Cumque</strong></span> <span class='ocrx_word' id='word_1_149' title='bbox 1298 3275 1360 3323; x_wconf 83' lang='lat' dir='ltr'><strong>rex</strong></span> <span class='ocrx_word' id='word_1_150' title='bbox 1376 3250 1547 3350; x_wconf 88' lang='lat' dir='ltr'><strong>deinceps</strong></span> 
     </span>
     <span class='ocr_line' id='line_1_23' title="bbox 483 3366 1547 3467; baseline 0 -28"><span class='ocrx_word' id='word_1_151' title='bbox 483 3368 519 3440; x_wconf 95' lang='lat' dir='ltr'><strong>in</strong></span> <span class='ocrx_word' id='word_1_152' title='bbox 535 3393 597 3440; x_wconf 91' lang='lat' dir='ltr'><strong>eos</strong></span> <span class='ocrx_word' id='word_1_153' title='bbox 617 3369 835 3467; x_wconf 77' lang='lat' dir='ltr'><strong>prevaleret,</strong></span> <span class='ocrx_word' id='word_1_154' title='bbox 850 3393 973 3441; x_wconf 91' lang='lat' dir='ltr'><strong>comes</strong></span> <span class='ocrx_word' id='word_1_155' title='bbox 986 3381 1121 3460; x_wconf 90' lang='lat' dir='ltr'><strong>autem,</strong></span> <span class='ocrx_word' id='word_1_156' title='bbox 1147 3382 1319 3465; x_wconf 89' lang='lat' dir='ltr'><strong>tanquam</strong></span> <span class='ocrx_word' id='word_1_157' title='bbox 1335 3366 1381 3439; x_wconf 90' lang='lat' dir='ltr'><strong>de</strong></span> <span class='ocrx_word' id='word_1_158' title='bbox 1403 3391 1547 3439; x_wconf 91' lang='lat' dir='ltr'><strong>summo</strong></span> 
     </span>
     <span class='ocr_line' id='line_1_24' title="bbox 481 3482 1545 3582; baseline 0 -28"><span class='ocrx_word' id='word_1_159' title='bbox 481 3498 569 3555; x_wconf 86' lang='lat' dir='ltr'><strong>rotae</strong></span> <span class='ocrx_word' id='word_1_160' title='bbox 587 3483 805 3577; x_wconf 86' lang='lat' dir='ltr'><strong>exorbitans,</strong></span> <span class='ocrx_word' id='word_1_161' title='bbox 826 3482 1043 3558; x_wconf 88' lang='lat' dir='ltr'><strong>declinando</strong></span> <span class='ocrx_word' id='word_1_162' title='bbox 1064 3482 1247 3574; x_wconf 88' lang='lat' dir='ltr'><strong>deficeret,</strong></span> <span class='ocrx_word' id='word_1_163' title='bbox 1279 3485 1385 3582; x_wconf 83' lang='lat' dir='ltr'><strong>post⁸</strong></span> <span class='ocrx_word' id='word_1_164' title='bbox 1401 3483 1545 3579; x_wconf 86' lang='lat' dir='ltr'><strong>longam</strong></span> 
     </span>
     <span class='ocr_line' id='line_1_25' title="bbox 483 3598 1547 3699; baseline -0.001 -29"><span class='ocrx_word' id='word_1_165' title='bbox 483 3599 537 3671; x_wconf 91' lang='lat' dir='ltr'><strong>sui</strong></span> <span class='ocrx_word' id='word_1_166' title='bbox 556 3613 592 3671; x_wconf 91' lang='lat' dir='ltr'><strong>et</strong></span> <span class='ocrx_word' id='word_1_167' title='bbox 617 3623 764 3672; x_wconf 91' lang='lat' dir='ltr'><strong>suorum</strong></span> <span class='ocrx_word' id='word_1_168' title='bbox 792 3598 1097 3695; x_wconf 84' lang='lat' dir='ltr'><strong>defatigationem,</strong></span> <span class='ocrx_word' id='word_1_169' title='bbox 1125 3613 1209 3699; x_wconf 91' lang='lat' dir='ltr'><strong>post</strong></span> <span class='ocrx_word' id='word_1_170' title='bbox 1231 3598 1494 3671; x_wconf 89' lang='lat' dir='ltr'><strong>intolerabilem</strong></span> <span class='ocrx_word' id='word_1_171' title='bbox 1510 3612 1547 3669; x_wconf 89' lang='lat' dir='ltr'><strong>et</strong></span> 
     </span>
     <span class='ocr_line' id='line_1_26' title="bbox 484 3714 1548 3814; baseline -0.003 -25"><span class='ocrx_word' id='word_1_172' title='bbox 484 3716 773 3813; x_wconf 83' lang='lat' dir='ltr'><strong>consumptivam</strong></span> <span class='ocrx_word' id='word_1_173' title='bbox 804 3720 858 3788; x_wconf 88' lang='lat' dir='ltr'><strong>sul</strong></span> <span class='ocrx_word' id='word_1_174' title='bbox 892 3739 1113 3814; x_wconf 90' lang='lat' dir='ltr'><strong>suorumque</strong></span> <span class='ocrx_word' id='word_1_175' title='bbox 1139 3714 1428 3813; x_wconf 90' lang='lat' dir='ltr'><strong>depressionem,</strong></span> <span class='ocrx_word' id='word_1_176' title='bbox 1457 3737 1548 3811; x_wconf 90' lang='lat' dir='ltr'><strong>quo·</strong></span> 
     </span>
     <span class='ocr_line' id='line_1_27' title="bbox 484 3828 1546 3929; baseline -0.002 -28"><span class='ocrx_word' id='word_1_177' title='bbox 484 3831 582 3902; x_wconf 91' lang='lat' dir='ltr'><strong>niam</strong></span> <span class='ocrx_word' id='word_1_178' title='bbox 595 3829 757 3929; x_wconf 89' lang='lat' dir='ltr'><strong>quotidie</strong></span> <span class='ocrx_word' id='word_1_179' title='bbox 771 3831 864 3927; x_wconf 88' lang='lat' dir='ltr'><strong>regis</strong></span> <span class='ocrx_word' id='word_1_180' title='bbox 884 3846 920 3902; x_wconf 91' lang='lat' dir='ltr'><strong>et</strong></span> <span class='ocrx_word' id='word_1_181' title='bbox 943 3854 1091 3904; x_wconf 93' lang='lat' dir='ltr'><strong>suorum</strong></span> <span class='ocrx_word' id='word_1_182' title='bbox 1105 3830 1346 3903; x_wconf 86' lang='lat' dir='ltr'><strong>invalescebat</strong></span> <span class='ocrx_word' id='word_1_183' title='bbox 1371 3828 1546 3905; x_wconf 86' lang='lat' dir='ltr'><strong>fortitudo</strong></span> 
     </span>
    </p>
   </div>
   <div class='ocr_carea' id='block_1_4' title="bbox 440 4063 1544 4596">
    <p class='ocr_par' dir='ltr' id='par_1_4' title="bbox 440 4063 1544 4596">
     <span class='ocr_line' id='line_1_28' title="bbox 527 4063 1544 4147; baseline 0 -22"><span class='ocrx_word' id='word_1_184' title='bbox 527 4072 557 4127; x_wconf 87' lang='lat' dir='ltr'><strong>l.</strong></span> <span class='ocrx_word' id='word_1_185' title='bbox 573 4067 614 4125; x_wconf 89' lang='lat' dir='ltr'><strong>Ut</strong></span> <span class='ocrx_word' id='word_1_186' title='bbox 623 4068 723 4146; x_wconf 71' lang='lat' dir='ltr'><strong>supra.</strong></span> <span class='ocrx_word' id='word_1_187' title='bbox 738 4066 794 4125; x_wconf 87' lang='lat' dir='ltr'><strong>Hic</strong></span> <span class='ocrx_word' id='word_1_188' title='bbox 809 4079 854 4125; x_wconf 89' lang='lat' dir='ltr'><strong>est</strong></span> <span class='ocrx_word' id='word_1_189' title='bbox 864 4064 1035 4147; x_wconf 81' lang='lat' dir='ltr'><strong>Radnlphus</strong></span> <span class='ocrx_word' id='word_1_190' title='bbox 1048 4070 1063 4127; x_wconf 94' lang='lat'>1</span> <span class='ocrx_word' id='word_1_191' title='bbox 1074 4064 1119 4125; x_wconf 90' lang='lat' dir='ltr'><strong>vel</strong></span> <span class='ocrx_word' id='word_1_192' title='bbox 1132 4068 1183 4141; x_wconf 91' lang='lat' dir='ltr'><strong>1v,</strong></span> <span class='ocrx_word' id='word_1_193' title='bbox 1198 4064 1274 4126; x_wconf 87' lang='lat' dir='ltr'><strong>filius</strong></span> <span class='ocrx_word' id='word_1_194' title='bbox 1285 4064 1417 4145; x_wconf 77' lang='lat' dir='ltr'><strong>lingonis</strong></span> <span class='ocrx_word' id='word_1_195' title='bbox 1435 4063 1544 4145; x_wconf 80' lang='lat' dir='ltr'><strong>Magni,</strong></span> 
     </span>
     <span class='ocr_line' id='line_1_29' title="bbox 486 4157 851 4239; baseline 0 -20"><span class='ocrx_word' id='word_1_196' title='bbox 486 4158 583 4219; x_wconf 77' lang='lat' dir='ltr'><strong>fratris</strong></span> <span class='ocrx_word' id='word_1_197' title='bbox 597 4159 674 4237; x_wconf 87' lang='lat' dir='ltr'><strong>regis</strong></span> <span class='ocrx_word' id='word_1_198' title='bbox 686 4157 812 4239; x_wconf 88' lang='lat' dir='ltr'><strong>Philippi</strong></span> <span class='ocrx_word' id='word_1_199' title='bbox 825 4162 851 4219; x_wconf 91' lang='lat'><strong>1.</strong></span> 
     </span>
     <span class='ocr_line' id='line_1_30' title="bbox 524 4250 1076 4332; baseline -0.002 -20"><span class='ocrx_word' id='word_1_200' title='bbox 524 4258 554 4314; x_wconf 78' lang='lat'><strong>2.</strong></span> <span class='ocrx_word' id='word_1_201' title='bbox 570 4256 653 4312; x_wconf 80' lang='lat' dir='ltr'><strong>Nunc</strong></span> <span class='ocrx_word' id='word_1_202' title='bbox 666 4254 955 4329; x_wconf 66' lang='lat' dir='ltr'><strong>Moucly-le-detel</strong></span> <span class='ocrx_word' id='word_1_203' title='bbox 970 4250 1076 4332; x_wconf 83' lang='lat' dir='ltr'><strong>(Oise).</strong></span> 
     </span>
     <span class='ocr_line' id='line_1_31' title="bbox 525 4343 1503 4407; baseline -0.002 0"><span class='ocrx_word' id='word_1_204' title='bbox 525 4351 555 4406; x_wconf 88' lang='grc'><strong>3.</strong></span> <span class='ocrx_word' id='word_1_205' title='bbox 570 4351 715 4407; x_wconf 74' lang='lat' dir='ltr'><strong>saraam</strong></span> <span class='ocrx_word' id='word_1_206' title='bbox 727 4343 868 4404; x_wconf 87' lang='lat' dir='ltr'><strong>omittitur</strong></span> <span class='ocrx_word' id='word_1_207' title='bbox 877 4345 909 4403; x_wconf 91' lang='lat' dir='ltr'><strong>in</strong></span> <span class='ocrx_word' id='word_1_208' title='bbox 921 4346 988 4407; x_wconf 86' lang='lat' dir='ltr'><strong>cod.</strong></span> <span class='ocrx_word' id='word_1_209' title='bbox 1002 4348 1060 4404; x_wconf 78' lang='lat' dir='ltr'><strong>tas</strong></span> <span class='ocrx_word' id='word_1_210' title='bbox 1074 4354 1104 4404; x_wconf 89' lang='lat' dir='ltr'><strong>et</strong></span> <span class='ocrx_word' id='word_1_211' title='bbox 1115 4343 1145 4403; x_wconf 90' lang='lat' dir='ltr'><strong>in</strong></span> <span class='ocrx_word' id='word_1_212' title='bbox 1158 4343 1225 4405; x_wconf 87' lang='lat' dir='ltr'><strong>edd.</strong></span> <span class='ocrx_word' id='word_1_213' title='bbox 1237 4346 1335 4405; x_wconf 84' lang='lat' dir='ltr'><strong>Germ.</strong></span> <span class='ocrx_word' id='word_1_214' title='bbox 1351 4364 1384 4405; x_wconf 88' lang='lat' dir='ltr'><strong>ac</strong></span> <span class='ocrx_word' id='word_1_215' title='bbox 1397 4344 1503 4405; x_wconf 65' lang='lat' dir='ltr'><strong>Chesn,</strong></span> 
     </span>
     <span class='ocr_line' id='line_1_32' title="bbox 440 4442 765 4522; baseline 0.009 -22"><span class='ocrx_word' id='word_1_216' title='bbox 440 4514 443 4522; x_wconf 28' lang='grc'>1</span> <span class='ocrx_word' id='word_1_217' title='bbox 527 4444 557 4501; x_wconf 76' lang='lat' dir='ltr'><strong>la.</strong></span> <span class='ocrx_word' id='word_1_218' title='bbox 574 4442 765 4503; x_wconf 70' lang='lat' dir='ltr'><strong>Vicetstto.</strong></span> 
     </span>
     <span class='ocr_line' id='line_1_33' title="bbox 525 4530 1396 4596; baseline 0.003 -3"><span class='ocrx_word' id='word_1_219' title='bbox 525 4538 554 4595; x_wconf 76' lang='lat'><strong>5.</strong></span> <span class='ocrx_word' id='word_1_220' title='bbox 570 4532 617 4594; x_wconf 88' lang='lat' dir='ltr'><strong>Sic</strong></span> <span class='ocrx_word' id='word_1_221' title='bbox 629 4532 717 4595; x_wconf 85' lang='lat' dir='ltr'><strong>codd.</strong></span> <span class='ocrx_word' id='word_1_222' title='bbox 729 4551 830 4594; x_wconf 85' lang='lat' dir='ltr'><strong>omncs</strong></span> <span class='ocrx_word' id='word_1_223' title='bbox 840 4544 871 4592; x_wconf 85' lang='lat' dir='ltr'><strong>et</strong></span> <span class='ocrx_word' id='word_1_224' title='bbox 882 4530 954 4595; x_wconf 87' lang='lat' dir='ltr'><strong>edit.</strong></span> <span class='ocrx_word' id='word_1_225' title='bbox 969 4530 1115 4592; x_wconf 87' lang='lat' dir='ltr'><strong>Benedict.</strong></span> <span class='ocrx_word' id='word_1_226' title='bbox 1129 4564 1170 4577; x_wconf 91' lang='lat'><em>-</em></span> <span class='ocrx_word' id='word_1_227' title='bbox 1181 4536 1239 4591; x_wconf 85' lang='lat' dir='ltr'><strong>Per</strong></span> <span class='ocrx_word' id='word_1_228' title='bbox 1250 4530 1312 4593; x_wconf 80' lang='lat' dir='ltr'><strong>cliae</strong></span> <span class='ocrx_word' id='word_1_229' title='bbox 1325 4533 1396 4596; x_wconf 85' lang='lat' dir='ltr'><strong>edd.</strong></span> 
     </span>
    </p>
   </div>
   <div class='ocr_carea' id='block_1_5' title="bbox 0 0 1882 5667">
    <p class='ocr_par' dir='ltr' id='par_1_5' title="bbox 0 0 1882 5667">
     <span class='ocr_line' id='line_1_34' title="bbox 0 0 1882 5667; baseline 0 0"><span class='ocrx_word' id='word_1_230' title='bbox 0 0 1882 5667; x_wconf 95' lang='lat' dir='ltr'><strong> </strong></span> 
     </span>
    </p>
   </div>
  </div>
 </body>
</html>
