3742 5667
734 773 906 835 Lfflttts.
1293 778 1349 837 271

339 905 432 977 Sane
447 903 495 979 de
506 904 759 981 benedictione
774 886 893 981 electi¹
913 903 1098 979 dilectioni
1113 919 1236 980 vesu-n
1249 907 1355 1004 signi-

290 1018 441 1094 ficamus
454 1022 636 1121 quatinus,
660 1022 690 1095 si
710 1022 787 1095 sine
807 1046 936 1121 magno
952 1019 1121 1095 scandalo
1140 1019 1217 1094 lieri
1235 1036 1355 1120 potest

293 1136 424 1235 (solent
443 1140 540 1212 enim
560 1138 724 1213 canonici
745 1140 784 1213 in
808 1140 898 1214 festo
918 1140 1030 1213 sancti
1053 1139 1225 1213 Cornelii'
1241 1142 1354 1239 magis

290 1278 400 1352 quam
417 1254 456 1328 in
470 1271 547 1329 toto
563 1280 659 1329 anno
675 1257 897 1355 convenire),
922 1257 960 1328 in
976 1256 1053 1355 ipsa
1068 1255 1256 1329 festivitate
1272 1269 1354 1329 ante

291 1370 401 1442 altare
425 1372 565 1470 praesati
585 1375 749 1471 martyris
769 1396 852 1447 eum
876 1372 1109 1466 benedicatis,
1133 1388 1174 1445 ut
1194 1373 1259 1445 has
1283 1374 1354 1472 pri·

290 1485 407 1559 initias
425 1486 561 1561 laboris
577 1488 683 1562 vestri
699 1488 887 1562 offerendo
902 1504 1042 1562 aeternae
1056 1489 1355 1562 remunerationis

291 1600 454 1709 sructum
469 1602 516 1676 ab
533 1606 776 1705 omnipotente
796 1609 873 1677 Deo
893 1606 1082 1704 recipiatis.
1103 1604 1213 1694 Quod
1233 1605 1262 1677 si
1278 1605 1353 1677 sine

290 1743 422 1817 magno
447 1720 615 1794 soendato
637 1719 716 1795 lieri
744 1746 818 1794 non
842 1735 979 1822 potest,
1003 1721 1147 1795 instanti
1170 1720 1354 1795 dominica
1379 1804 1384 1813 Ι

293 1850 335 1907 ut
346 1834 506 1937 idipsum
518 1835 696 1939 impleatis
707 1840 902 1938 rogamus'.
1178 1829 1183 1843 ’

537 2228 596 2277 XX·
624 2228 672 2276 ΔΙ)
700 2226 885 2279 ΕΠῦΕΜΠΜ
908 2228 949 2277 111
972 2227 1106 2277 ΡᾸΡΔΗ.

294 2494 384 2567 Suger
400 2488 473 2545 read
483 2503 590 2563 compte
600 2510 639 2546 ou
654 2510 733 2568 pape
752 2492 790 2547 de
808 2486 828 2547 Γ
829 2493 977 2548 execution
988 2491 1027 2547 de
1041 2508 1087 2547 ses
1105 2490 1203 2547 ordros
1222 2509 1261 2546 au
1279 2497 1355 2564 sujet

331 2584 369 2639 de
380 2577 489 2659 l'e‘glrse
498 2584 535 2639 de
547 2584 726 2661 Compte'gne,
739 2596 778 2657 et,
791 2596 849 2641 tout
859 2603 895 2640 en
907 2587 948 2640 lur'
959 2586 1096 2660 deputant
1116 2580 1211 2641 table
1218 2587 1356 2641 nouvelle·

332 2688 408 2733 ment
419 2676 478 2747 clu,
498 2679 522 2732 il
531 2674 667 2735 l'instruit
679 2683 905 2736 commatremem
912 2698 972 2753 par
983 2670 1126 2735 lui-meme
1138 2678 1214 2735 dela
1225 2680 1355 2735 conduitc

333 2771 519 2828 scandaleuse
532 2771 583 2829 des
594 2772 744 2831 clanoines
754 2774 790 2829 de
807 2784 878 2831 cette
891 2775 967 2832 ville.

775 2928 881 3011 (tiso)

341 3166 532 3241 Carissimo
557 3166 648 3265 patri
665 3180 701 3239 et
723 3166 887 3260 domino,
911 3166 1117 3259 universali,
1136 3168 1202 3239 Dei
1220 3170 1350 3265 gratia,

296 3299 330 3355 et
348 3307 492 3355 summo
507 3282 671 3382 pontifici
696 3282 868 3378 Eugenio,
892 3284 1060 3377 Sugerius
1080 3284 1176 3355 Beati
1191 3282 1355 3381 Dionysii

297 3396 418 3490 abbas,
440 3398 653 3472 obedientiae
666 3411 701 3470 et
715 3397 849 3489 servitii
862 3396 1139 3497 plenitudinem.

342 3518 440 3587 Inter
455 3515 576 3588 omnia
591 3528 629 3587 et
644 3538 687 3587 ex
704 3513 885 3607 omnibus,
906 3514 1125 3586 sanctissime
1138 3518 1254 3605 Pater,
1273 3539 1352 3612 quae

299 3629 351 3703 vel
362 3630 572 3704 auctoritate
586 3629 794 3729 apostolica,
811 3629 869 3702 rel
883 3630 1074 3727 majestatis
1085 3632 1186 3726 regiae
1199 3654 1355 3729 praecep·

298 3747 392 3818 tione
406 3746 572 3845 parvitati
588 3761 719 3819 nostre
734 3770 902 3819 concessa
920 3760 1004 3818 sunt
1021 3746 1176 3843 negotia,
1193 3744 1268 3817 haec
1279 3744 1354 3817 duo

297 3862 522 3959 potissimum
548 3862 769 3960 amplexatus
794 3886 888 3950 sum,
913 3860 1080 3934 videlicet
1099 3861 1146 3936 de
1167 3859 1355 3934 statuenda

298 3978 465 4075 religione
478 3978 515 4051 in
531 3982 645 4051 Beatae
667 3975 856 4051 Genovefae
872 3976 1058 4050 Parisiensi
1073 3991 1109 4050 et
1123 3974 1238 4051 nobili
1252 3980 1357 4051 Com-

338 4231 367 4286 l.
382 4224 492 4286 Odonis
504 4224 542 4285 de
556 4222 684 4305 Diogilo.
702 4258 743 4273 -
760 4227 790 4284 Ξ.
805 4222 860 4283 Die
874 4226 912 4283 16
933 4220 1115 4303 septembris.

338 4325 366 4381 3.
382 4323 427 4381 Ex
437 4319 557 4397 (ihesu,
572 4322 623 4392 w,
639 4323 710 4383 ste.
724 4351 764 4365 -
775 4324 842 4379 uer.
857 4322 960 4397 gallic.
976 4322 1120 4394 scriptor„
1135 4318 1202 4392 XV,
1219 4318 1289 4375 stu.
1308 4316 1354 4377 Cl.

299 4414 444 4495 epistolam
471 4412 592 4495 Eugenii
616 4434 710 4497 pape,
728 4432 781 4473 xm
801 4411 859 4474 kal.
877 4409 945 4493 julii
964 4410 1094 4487 ejusdem
1116 4410 1186 4471 anni
1206 4410 1356 4492 scriptam,

300 4508 381 4587 sue,
395 4510 466 4571 usa.
