3742 5667
500 770 558 828 388
718 770 882 829 OEUVRES
903 755 1117 829 coartatas
1136 773 1187 828 DE
1207 772 1342 833 SUGER.

499 897 729 973 confluebant
743 897 806 971 filii
829 899 917 972 lucis
939 915 974 972 et
993 900 1056 973 lilii
1071 902 1154 975 diei.
1184 903 1338 978 Turbato
1356 929 1481 1001 regno,
1505 920 1556 997 et,

501 1031 541 1087 ut
556 1014 767 1113 plerumque
794 1014 846 1106 fit,
873 1015 976 1088 bellis
1001 1018 1274 1113 emergentibus,
1293 1019 1352 1092 hic
1373 1035 1450 1094 erat
1474 1045 1558 1092 con·

500 1129 631 1204 cordiae
648 1131 847 1230 precipuus
863 1131 1049 1228 indagator
1073 1149 1110 1206 et
1125 1133 1222 1231 pacis
1240 1134 1455 1220 reformator
1471 1152 1560 1211 stre·

396 1234 406 1256 ⁸
502 1247 706 1320 unissimus.
726 1251 812 1319 Erat
826 1251 943 1319 Caesar
958 1248 1092 1338 animo,
1107 1275 1272 1322 sermone
1290 1251 1415 1324 Cioero
1435 1279 1442 1324 ε
1463 1268 1558 1324 erat·

500 1386 570 1460 que
591 1360 778 1434 rebellium
794 1361 966 1453 domitor,
985 1379 1020 1435 et
1035 1366 1301 1438 contumacium
1318 1382 1555 1466 expugnator.

499 1479 553 1547 De
567 1476 644 1548 viro
660 1476 729 1548 isto
742 1488 839 1549 recte
854 1477 934 1574 quis
947 1477 1075 1549 dixerit
1092 1505 1100 1548 :

642 1689 649 1703 .
668 1689 677 1706 .
694 1685 704 1706 .
721 1687 729 1704 .
745 1643 801 1703 ttlo
814 1643 964 1716 incolumi,
979 1664 1061 1704 mens
1074 1647 1207 1706 omnibns
1218 1665 1298 1706 unas

637 1747 764 1824 Amisso,
777 1767 883 1828 rupere
901 1748 1019 1813 rident

547 1908 641 1976 litut
655 1899 825 1973 audacter
847 1899 996 1998 aliquid,
1013 1881 1076 1974 sed
1095 1927 1177 1974 vere
1193 1900 1334 1999 loquar,
1352 1917 1446 1976 tanta
1463 1905 1558 1978 illius

498 2017 701 2118 prudentia,
716 2032 813 2089 tanta
830 2015 897 2088 fuit
908 2017 1127 2109 animositas,
1148 2032 1186 2090 ut
1200 2017 1295 2090 illius
1306 2019 1468 2116 regimini
1483 2046 1556 2094 nou

498 2135 669 2207 aestimem
687 2130 814 2204 orbem
831 2131 1037 2204 universum
1054 2131 1212 2231 potuisse
1235 2131 1411 2210 sufficere.
1441 2135 1559 2210 Fallor

499 2251 529 2322 si
544 2273 619 2321 non
634 2248 720 2320 huic
738 2246 922 2319 assertioni
951 2271 1039 2320 meae
1065 2249 1141 2345 ejus
1165 2263 1377 2322 attestantur
1392 2252 1557 2351 proposi-

498 2381 577 2438 tum
593 2378 629 2436 et
643 2377 726 2435 vota
746 2391 754 2434 ε
771 2387 850 2460 quae
865 2378 905 2435 ut
920 2377 1076 2462 coeperat
1088 2387 1198 2462 opere
1211 2366 1473 2464 complevisset,
1490 2367 1557 2439 nisi

497 2504 597 2552 mors
627 2477 755 2552 aemula
787 2476 951 2549 felicibus
976 2483 1054 2576 ejus
1083 2476 1267 2550 invidisset
1291 2480 1442 2556 actibus.
1468 2485 1558 2555 Nam

499 2593 598 2695 quod
623 2594 696 2667 duo
723 2604 825 2689 'reges
856 2592 1053 2685 fortissimi,
1082 2597 1300 2667 Francorum
1327 2595 1493 2669 videlicet
1523 2611 1557 2669 et

498 2714 757 2798 Romanorum,
773 2707 904 2780 coactis
921 2707 957 2779 in
979 2732 1091 2779 unum
1110 2708 1325 2782 exercitibus
1345 2725 1380 2782 et
1398 2710 1556 2784 collectis

500 2852 541 2899 ex
556 2840 633 2898 toto
650 2819 844 2896 Occidente
862 2823 987 2922 copiis,
1006 2820 1149 2896 efficere
1160 2825 1282 2897 nescio
1296 2849 1369 2922 quo
1387 2826 1452 2898 Dei
1462 2825 1559 2925 judi·

498 2941 555 3013 cio
572 2963 647 3011 non
664 2937 938 3038 praevaluerunt,
954 2939 1025 3010 hoc
1039 2939 1103 3011 iste
1116 2938 1238 3012 divino
1252 2938 1418 3013 suffultus
1432 2941 1558 3013 sullra·

499 3055 571 3151 gio,
596 3067 633 3126 et
660 3052 828 3148 singulari
847 3055 945 3150 quo¹
972 3053 1198 3151 praecellebat
1226 3055 1384 3151 ingenio,
1417 3071 1558 3128 strenue

500 3168 665 3268 supplere
674 3167 750 3264 Jam
766 3192 948 3264 aggressus
962 3165 1090 3256 luerat,
1100 3169 1191 3242 sicut
1202 3194 1352 3269 sequeus
1362 3169 1560 3243 declarabit

500 3284 671 3358 narratio.
686 3282 756 3355 Sed
770 3307 897 3355 vereor
912 3307 958 3355 ne
973 3307 1094 3357 rerum
1110 3285 1285 3383 majestati
1303 3284 1363 3358 frat
1374 3287 1514 3383 injuria,
1529 3285 1558 3358 si

500 3401 639 3475 calamo
656 3415 730 3472 tam
744 3394 870 3496 agresti
882 3399 1130 3474 describantur
1145 3417 1182 3474 et
1197 3403 1308 3474 tenui.
1328 3402 1479 3475 iuterim
1495 3428 1557 3474 au-

501 3533 575 3592 tem
592 3516 638 3588 de
663 3515 742 3587 vitae
758 3515 852 3586 illius
867 3513 980 3587 modo
993 3516 1049 3588 vel
1067 3517 1229 3592 moribus
1248 3517 1368 3590 adhuc
1383 3516 1558 3590 addemus
1608 3505 1614 3516 ¹

483 3633 636 3732 aliqua,
653 3631 815 3729 quamvis
830 3631 1047 3703 cotidianam
1069 3631 1144 3729 ejus
1168 3635 1278 3704 vitam
1298 3646 1334 3704 et
1354 3631 1464 3705 verba
1485 3633 1558 3705 sere

502 3748 637 3846 singula
651 3747 964 3820 commendatione
977 3763 1115 3820 constet
1127 3773 1202 3820 esse
1216 3749 1431 3845 dignissima.

548 3867 632 3936 Erat
646 3860 794 3961 quidem
807 3886 940 3960 corpus
953 3860 1061 3935 breve
1072 3863 1219 3936 sortitus
1235 3879 1271 3937 et
1284 3862 1426 3960 gracile,
1445 3863 1506 3938 sed
1523 3882 1559 3940 et

502 3977 604 4051 labor
616 3976 778 4051 assiduus
805 3974 1002 4075 plurimum
1030 3977 1229 4052 detraxerat
1256 3977 1405 4052 viribus.
1437 3981 1558 4054 Victus

503 4109 621 4167 tamen
633 4091 863 4194 parsimonia,
879 4106 916 4165 et
929 4091 1096 4167 ciborum
1111 4095 1173 4194 qui
1187 4092 1305 4192 gulam
1320 4094 1459 4168 irritant
1477 4120 1557 4170 mo-

542 4306 572 4363 l·
583 4301 703 4372 Senem,
717 4301 764 4358 ne
776 4301 944 4369 clementia,
968 4301 999 4358 b.

537 4397 568 4455 2.
584 4399 647 4472 Quo
660 4393 743 4452 deest
754 4389 786 4451 io
796 4391 866 4454 edd.
881 4389 953 4451 ldeb
966 4388 1143 4452 benedictini
1159 4392 1335 4457 adnotarem
1350 4415 1357 4452 ι
1375 4417 1389 4446 ι
1405 4395 1515 4456 Forsan
1528 4410 1558 4454 ut

496 4489 650 4568 singulari,
662 4506 716 4568 pro
730 4501 758 4546 et
767 4488 920 4564 singulari.
933 4508 948 4538 ι
