3742 5667
525 754 583 813 ¹88
740 752 901 849 OEUYRES
920 737 1135 812 comanitas
1156 750 1206 809 DE
1225 747 1360 809 SUGER.

524 882 693 959 lleldeusi
726 884 891 984 episcopo
924 897 960 955 et
988 887 1094 954 Petro
1116 879 1378 953 silvanectensi.
1409 883 1586 969 Quorum

524 1000 635 1073 trium
662 1022 735 1073 una
765 1014 801 1073 et
835 998 987 1096 gloriosa
1010 998 1205 1097 processio,
1231 1019 1316 1068 cum
1347 1019 1414 1093 per
1439 996 1585 1069 ostium

523 1116 634 1189 sancti
656 1113 833 1189 Eustachii
850 1112 1091 1210 egrederetur,
1116 1126 1199 1184 ante
1216 1110 1430 1209 principales
1453 1124 1585 1211 portas

522 1229 719 1304 transiliens
744 1254 828 1303 curn
857 1230 991 1325 ingenti
1022 1227 1106 1301 cleri
1138 1224 1358 1300 decantantis
1384 1240 1420 1299 et
1450 1224 1585 1325 populi

523 1344 761 1444 tripudiantis*
780 1342 897 1436 turba,
927 1344 1102 1444 episcopis
1127 1339 1370 1442 praceuntibus
1389 1356 1425 1414 et
1445 1355 1584 1414 sanctae

521 1459 762 1533 insistentibus
777 1459 1048 1552 consecrationi,
1071 1482 1138 1558 per
1154 1455 1368 1552 singularem
1386 1457 1466 1529 atrii
1487 1478 1580 1555 por·

517 1590 596 1649 tam
619 1574 665 1647 de
690 1574 838 1673 antiquo
853 1574 891 1645 in
912 1598 1047 1647 novum
1072 1596 1164 1672 opus
1190 1571 1439 1671 transpositam
1468 1571 1583 1644 tertio

521 1689 822 1787 ingrediebantur.
860 1692 903 1763 Et
935 1687 982 1762 ad
1008 1688 1187 1762 bonorem
1218 1687 1473 1786 omnipotentis
1510 1686 1582 1758 Dei

521 1808 647 1883 festivo
660 1816 767 1908 opere
783 1806 975 1906 completo,
998 1830 1083 1880 cum
1095 1806 1131 1876 in
1146 1805 1326 1904 superiore
1338 1819 1438 1904 parte
1453 1802 1581 1876 elabo-

520 1950 598 1999 rare
612 1927 887 2021 accingeremur,
897 1921 1159 2021 aliquantulum
1165 1920 1328 2017 fatigatos
1341 1918 1576 2009 recreabant;

522 2056 558 2114 et
572 2064 618 2113 ue
639 2038 772 2111 laboris
796 2053 860 2112 aut
884 2039 1041 2137 penuriae
1063 2036 1211 2134 alicujus
1232 2036 1362 2110 timore
1394 2033 1579 2136 deprime·

523 2180 644 2229 remur
658 2154 913 2252 gratantissime
926 2151 1177 2226 sollicitabant.

657 2385 794 2457 xxvu.
812 2387 866 2455 De
873 2383 992 2482 portis
1006 2380 1173 2482 sutilibus
1186 2397 1222 2455 et
1237 2380 1432 2456 deauratis.

569 2583 696 2657 Valvas
724 2584 900 2684 siquidem
927 2583 1155 2683 principales,
1185 2584 1305 2657 accitis
1327 2582 1509 2656 fusoribus
1540 2596 1579 2654 et

521 2700 639 2773 electis
653 2698 903 2800 sculptoribus,
921 2700 957 2772 iu
972 2699 1105 2798 ‹pribus
1118 2699 1235 2799 passio
1255 2699 1446 2772 Salvatoris
1462 2713 1500 2771 et
1513 2722 1578 2770 re·

520 2816 691 2888 surrectio
720 2815 778 2887 vel
801 2814 961 2887 ascensio
981 2816 1208 2908 continetur,
1241 2814 1363 2889 multis
1396 2813 1574 2912 expensis,

520 2930 636 3002 multo
653 2945 799 3029 sumptu
817 2932 854 3003 in
871 2953 996 3002 earum
1013 2929 1256 3023 deauratione,
1275 2945 1317 3003 ut
1329 2928 1443 3002 nobili
1456 2928 1577 3027 porti·

520 3047 578 3119 cui
596 3046 843 3138 conveniebat,
861 3046 1051 3120 ereximus.
1073 3050 1216 3119 Necnon
1228 3061 1265 3119 et
1279 3046 1365 3118 alias
1378 3046 1416 3117 in
1430 3044 1575 3117 dextera

448 3198 451 3208 ·
521 3178 621 3262 parte
644 3186 767 3256 novas,
790 3164 825 3235 in
853 3163 993 3235 sinistra
1015 3188 1104 3237 vero
1130 3166 1292 3263 antiquas
1323 3164 1391 3237 sub
1418 3163 1573 3253 musivo,

522 3276 622 3375 quod
637 3292 674 3350 et
687 3302 819 3350 novum
835 3293 960 3351 contra
981 3302 1086 3351 usum
1101 3278 1161 3351 hic
1174 3278 1252 3351 fieri
1264 3293 1299 3351 et
1315 3280 1353 3350 in
1365 3303 1448 3350 arcu
1464 3292 1577 3377 portae

522 3392 682 3490 imprimi
711 3390 984 3466 elaboravimus.
1015 3395 1154 3467 Turrim
1181 3396 1289 3468 etiam
1320 3408 1358 3467 et
1392 3394 1575 3492 superiora

523 3507 650 3579 frontis
686 3508 976 3606 propugnacula,
1018 3524 1092 3583 tam
1132 3509 1178 3582 ad
1213 3509 1367 3583 ecclesiae
1406 3508 1574 3581 decorem

523 3646 632 3719 quam
652 3637 689 3695 et
712 3623 916 3715 utilitatem,
932 3624 963 3696 si
988 3627 1237 3724 opportunitas
1258 3627 1424 3721 erigeret,
1446 3624 1574 3696 variari
1704 3649 1705 3652 ’

453 3810 457 3821 ,
523 3738 763 3831 condiximus3
782 3739 908 3811 litteris
927 3740 1035 3813 etiam
1055 3765 1167 3840 cupro
1187 3739 1364 3814 deauratis
1386 3763 1572 3813 cousecra-

522 3854 628 3927 tionis
643 3878 778 3927 annum
796 3854 978 3947 intitulari,
1003 3880 1050 3928 ne
1069 3855 1243 3930 oblivioni
1265 3856 1467 3931 traderetur
1487 3879 1574 3955 prae·

524 3970 684 4067 cepimus
696 3969 767 4043 hoc
782 3966 893 4043 modo
911 3996 920 4043 ι

601 4146 647 4208 ad
661 4146 750 4207 decus
763 4146 900 4224 ccclesia,
913 4166 978 4227 qua
990 4147 1062 4209 lorit
1073 4160 1103 4209 et
1117 4148 1221 4211 extulit
1233 4149 1327 4221 illum,

641 4241 793 4319 Sugerius¹
809 4240 917 4302 studuit
929 4243 968 4301 ad
981 4243 1068 4303 decus
1082 4242 1218 4304 ecclesiae.

566 4458 580 4517 l
613 4458 767 4535 uuggcrr'us
784 4456 849 4518 cod.
870 4476 937 4531 ms,
954 4469 986 4516 ut
1003 4468 1032 4518 et
1048 4455 1130 4521 aliis.
