3742 5667
698 784 761 841 VlE
780 784 831 841 DE
849 783 984 845 SUGER.
1307 788 1365 848 387

297 931 415 1004 quam
437 913 643 988 misericors
653 914 773 1004 fuerit,
789 931 862 988 tam
879 931 1017 989 remota
1035 941 1144 1012 quam
1167 917 1368 1018 propinqua

299 1037 489 1101 testantur
501 1031 731 1104 monasteria.
751 1035 868 1118 Quam
885 1030 993 1103 suerit
1005 1030 1161 1104 liberalis
1173 1031 1209 1103 in
1226 1057 1366 1123 omnes,

299 1139 340 1212 in
368 1157 531 1235 exteros,
559 1146 597 1218 in
628 1145 723 1218 cives
747 1170 844 1238 suos,
862 1145 1079 1218 sufficienter
1094 1171 1202 1219 nemo
1226 1148 1367 1225 reseret.

299 1262 437 1332 Nonne
455 1260 630 1334 indicium
645 1261 792 1336 evidens
813 1278 867 1335 est
890 1246 1114 1336 liberalitatis
1127 1264 1203 1360 ejus
1219 1265 1369 1358 eximiae,

302 1373 342 1446 in
354 1375 513 1450 eeclesia
526 1377 711 1450 Parisiensi
723 1376 812 1449 illud
822 1403 864 1450 ex
875 1379 968 1450 vitro
979 1403 1069 1478 opus
1081 1379 1239 1475 insigne?
1254 1385 1373 1452 Unum

303 1492 466 1589 quidem
485 1508 550 1584 est,
578 1493 641 1566 sed
664 1519 738 1566 non
762 1493 894 1567 solum.
920 1499 1012 1566 Nam
1032 1495 1185 1593 plurima
1206 1495 1371 1594 hujusce-

304 1607 415 1680 modi
432 1624 555 1682 extant
570 1607 664 1681 illius
685 1633 807 1708 opera,
833 1633 912 1706 quae
934 1609 1098 1708 pluribus
1122 1611 1159 1682 in
1186 1611 1274 1684 loeis
1301 1637 1374 1684 non

306 1737 386 1794 tam
426 1748 471 1796 ex
504 1723 627 1796 debito
661 1724 745 1797 fecit
776 1750 887 1823 quam
922 1727 1046 1822 gratia.
1087 1725 1176 1816 Quis
1214 1753 1374 1826 unquam

307 1837 458 1910 adeum
474 1839 567 1936 justa
581 1839 824 1937 postulaturus
835 1841 994 1934 accessit,
1005 1841 1067 1939 qui
1082 1865 1157 1914 non
1170 1841 1216 1914 ab
1228 1867 1271 1915 eo
1283 1843 1374 1916 hila-

309 1954 390 2026 rior
406 1953 643 2027 abscesserit?
660 1961 728 2028 Aut
743 1956 840 2028 enim
851 1980 920 2055 ope
933 1971 1017 2028 vota
1034 1957 1292 2058 postulantium
1305 1959 1374 2030 im-

310 2069 450 2169 plevit,
473 2084 535 2142 aut
557 2094 621 2169 spe
641 2069 790 2144 melior¹
813 2072 1068 2144 convenienter
1089 2071 1272 2163 demulsit,
1294 2071 1377 2172 pul·

311 2185 540 2260 chen-imum
553 2184 717 2283 judicans
730 2187 850 2257 omnia
864 2200 1042 2284 prestare,
1062 2186 1151 2259 nibil
1170 2189 1319 2283 exigere.

365 2302 545 2389 Quicum
569 2303 675 2373 unius
706 2316 846 2375 tantum
870 2301 1073 2374 monasterii
1095 2318 1216 2402 pastor
1240 2302 1379 2375 dicere-

314 2431 391 2511 tur,
414 2435 451 2491 et
472 2433 564 2491 esset
581 2419 745 2490 omnium
758 2419 892 2517 pariter
910 2419 1140 2492 ecclesiarum
1156 2444 1379 2519 quaquaver-
1451 2409 1456 2416 ’

315 2558 402 2606 sum
414 2535 452 2606 in
465 2559 576 2630 regno
587 2533 869 2625 consistentium,
880 2535 1090 2607 continuam
1102 2535 1245 2632 gerebat
1253 2535 1381 2608 sollici·

317 2649 487 2722 tudinem
500 2663 671 2723 etcuram
682 2673 757 2721 non
767 2647 968 2742 modicam,
990 2649 1054 2721 has
1075 2674 1200 2745 regens
1217 2651 1379 2741 consilio,

317 2765 408 2837 alias
422 2765 536 2837 victus
551 2764 751 2858 beneficio,
773 2765 844 2837 hoc
859 2781 942 2838 ante
958 2766 1080 2838 omnia
1099 2790 1238 2856 curans,
1255 2791 1302 2838 ne
1317 2765 1382 2838 ali·

320 2880 407 2953 cubi
417 2879 601 2952 videretur
620 2881 812 2979 intepuisse
831 2878 969 2976 religio.
989 2883 1032 2953 Et
1044 2879 1285 2976 indigentibus
1301 2883 1380 2980 qui·

321 2995 408 3066 dem
425 3019 586 3067 annonas
600 2993 907 3079 subministrabat,
924 2992 1004 3066 aliis
1019 2994 1250 3069 construebat
1266 2997 1382 3069 oflici-

323 3133 410 3200 nas,
436 3125 582 3207 eratque
611 3109 852 3209 spectaculum
884 3111 921 3181 in
955 3127 1150 3210 conspectu
1171 3111 1382 3210 angelorum

321 3223 587 3322 hominumque
600 3224 905 3324 pulcherrimum
926 3250 1011 3298 cum
1026 3228 1090 3299 uui
1104 3251 1230 3301 omues
1243 3228 1383 3300 homini

324 3351 496 3437 tanquam
513 3339 721 3411 firmissima
735 3339 972 3412 inniterentur
983 3341 1173 3433 columnae,
1186 3367 1384 3441 omnesque
1434 3391 1442 3408 -

326 3483 370 3532 ex
393 3457 456 3530 illo
471 3473 643 3555 tanquam
659 3456 705 3531 dc
722 3456 822 3529 fonte
841 3457 1023 3530 haurirent
1037 3457 1246 3554 largissimo.
1266 3463 1384 3547 Quem

327 3599 453 3647 omnes
471 3588 544 3647 tam
559 3599 626 3674 pro
643 3597 680 3645 se
696 3597 805 3670 quam
820 3597 926 3672 supra
949 3596 986 3644 se
1006 3596 1082 3644 esse
1098 3572 1271 3663 sciebant,
1289 3573 1384 3671 ejus·

328 3715 400 3788 que
415 3714 540 3762 curam
555 3714 622 3788 pro
638 3690 750 3761 salute
768 3688 991 3784 singulorum
1006 3702 1114 3786 atque
1136 3689 1386 3762 universorum

329 3804 504 3878 excubare
518 3802 692 3903 quotidie.

378 3924 541 4009 Quantus
566 3921 604 3993 iu
625 3918 700 4011 illo,
725 3925 808 3990 Jesu
834 3919 946 4010 bone,
976 3919 1078 4015 vigor
1099 3934 1186 4009 erat,
1211 3933 1388 4018 quantum

330 4037 462 4111 animi!
479 4041 532 4109 Eo
547 4060 630 4110 sane
642 4034 873 4136 procedente,
886 4035 1123 4131 diffugiebant
1135 4036 1289 4134 tyranni,
1307 4033 1390 4108 abs·

331 4153 580 4229 condebantur
606 4152 838 4227 tenebrarum
864 4150 947 4244 filii,
975 4149 1085 4225 etad
1116 4176 1200 4224 eum
1228 4153 1390 4224 certatim

373 4429 404 4486 t.
419 4423 467 4486 Sic
483 4421 550 4487 cod.
570 4441 638 4492 ms,
658 4432 744 4498 atque
758 4418 827 4480 edd.
842 4417 947 4498 Felib,
960 4417 1077 4480 baronis
1088 4417 1125 4478 de
1138 4415 1245 4478 Aitolio
1259 4419 1391 4478 etBene·

334 4517 403 4578 dict.
415 4518 593 4588 -Mett‘ort,
609 4515 719 4588 forsan,
733 4514 873 4574 adnotant
884 4513 994 4577 Bened.
