3742 5667
496 797 533 852 st
703 781 861 846 mutnus
879 751 1113 844 C⁰l¹1³uims
1131 789 1183 844 or
1202 787 1337 844 suoru.

498 923 742 995 demoraretur
765 943 807 993 er
832 900 1020 1010 condicto,
1044 919 1131 1018 ipsi¹
1156 919 1383 1017 imperatoris
1412 922 1551 994 llemioi

497 1035 615 1129 legati,
641 1057 714 1106 non
737 1031 904 1120 humiles,
934 1028 999 1101 sed
1020 1030 1124 1127 rigidi
1147 1045 1184 1102 et
1204 1046 1446 1124 contumaces,
1469 1058 1551 1106 cum

498 1147 595 1246 apud
619 1151 788 1220 Sanctum
801 1144 1033 1218 Memmium¹
1056 1146 1210 1245 hospitia
1235 1147 1482 1247 suscepissent,
1501 1174 1552 1220 re·

497 1263 583 1336 licto
609 1263 698 1334 inibi
723 1262 936 1336 cancellario
965 1262 1127 1353 Alberto,
1154 1262 1256 1359 cujus
1281 1263 1356 1335 oris
1375 1278 1412 1335 et
1435 1264 1552 1335 cordis

497 1379 730 1451 unanimitate
750 1379 825 1477 ipse
847 1379 1044 1476 imperator
1059 1377 1200 1474 agebat,
1219 1379 1335 1450 caeteri
1352 1378 1399 1450 ad
1415 1379 1551 1450 curiam

497 1495 612 1567 multo
625 1495 778 1590 agmine,
794 1493 910 1567 multo
929 1496 1034 1585 fastu,
1052 1518 1192 1566 summe
1206 1493 1382 1592 phalerati
1399 1494 1551 1567 devene-

496 1625 594 1682 runt.
614 1610 660 1681 lli
680 1609 857 1708 siquidem
872 1625 974 1681 erant
993 1609 1280 1708 archiepiscopus
1295 1609 1550 1700 Treverensis⁸,

496 1723 682 1822 episcopus
698 1725 962 1816 Alvertatensis,
981 1725 1168 1825 episcopus
1184 1725 1485 1812 Monasteriensis,
1498 1750 1555 1797 oo·

495 1839 599 1912 mites
616 1841 860 1941 quamplures,
877 1858 913 1914 et
930 1842 989 1913 cui
1005 1841 1142 1938 gladius
1157 1841 1292 1940 ubique
1303 1839 1555 1940 preferebatur

495 1955 568 2028 dux
584 1959 716 2049 Wello,
734 1959 788 2031 vir
813 1959 1044 2058 corpulentus
1062 1961 1073 1996 ⁸
1106 1973 1143 2030 et
1157 1973 1231 2032 tota
1256 1959 1445 2060 superficie
1460 1958 1556 2066 longi

496 2087 531 2144 et
552 2073 643 2146 tati⁸
678 2073 898 2146 admirabilis
925 2089 961 2146 et
977 2074 1182 2147 clamosus:
1211 2075 1272 2173 qui
1298 2074 1556 2147 tumultuantes

495 2191 608 2286 magis
628 2190 675 2263 ad
695 2190 906 2262 terrendum
926 2215 1035 2288 quam
1063 2190 1111 2263 ad
1141 2190 1430 2264 ratiocinandum
1460 2189 1556 2261 missi

495 2303 716 2379 viderentur.
742 2305 975 2401 Singulariter
998 2320 1034 2377 et
1057 2305 1154 2378 solus
1180 2306 1402 2379 Treverensis
1424 2302 1558 2376 arehie-

495 2419 676 2519 piscopos,
702 2423 755 2493 vir
775 2421 915 2518 elegans
936 2437 974 2494 et
992 2421 1186 2520 jocundus,
1215 2422 1428 2523 eloquentiae
1450 2435 1487 2493 et
1501 2445 1556 2492 sa·

494 2537 635 2632 pientiae
660 2539 842 2635 copiosus,
862 2537 1035 2634 gallicano
1057 2537 1238 2611 cothurno
1264 2539 1492 2628 exercitatus,
1505 2536 1555 2608 la·

496 2656 600 2723 cete⁶
634 2655 825 2752 peroravit,
852 2654 1002 2727 domino
1031 2679 1130 2754 papae
1153 2670 1190 2727 et
1216 2655 1322 2728 curiae
1344 2655 1556 2728 salutemet

496 2768 679 2840 servitium
697 2785 855 2868 exparte
871 2768 1010 2840 domini
1026 2771 1249 2868 imperatoris
1264 2770 1442 2862 deferens,
1456 2769 1555 2842 salvo

490 2884 574 2980 jure
593 2885 705 2980 regni.
734 2890 774 2957 Et
789 2910 1010 2984 prosequens
1032 2883 1078 2958 de
1096 2886 1300 2960 mandatis:
1331 2917 1349 2955 α
1371 2887 1463 2958 Talis
1487 2900 1551 2978 est,

500 3027 516 3063 α
536 2998 665 3096 inquit,
682 3000 820 3072 domini
845 3002 959 3072 nostri
974 3003 1199 3100 imperatoris
1209 3028 1278 3101 pro
1292 3027 1364 3102 qua
1378 3003 1559 3074 mittimur

500 3140 654 3190 «causa.
673 3117 909 3217 Temporibus
928 3135 1193 3193 antecessorum
1218 3136 1438 3211 nostrorum,
1459 3144 1561 3191 sanc·

500 3261 518 3298 α
537 3246 658 3305 torum
673 3248 709 3305 et
725 3234 1009 3333 apostolicorum
1018 3237 1196 3308 virorum²
1211 3238 1330 3333 magni
1344 3235 1510 3331 Gregorii
1524 3246 1560 3305 et

500 3375 518 3412 α
537 3346 704 3440 aliorum,
714 3349 785 3421 hoc
799 3349 910 3447 adjus
917 3351 1058 3450 imperii
1067 3351 1247 3450 pertinere
1262 3351 1500 3449 dignoscitur,
1519 3365 1560 3420 ut

500 3461 696 3536 «inomni
726 3465 900 3539 electione
927 3466 987 3539 hic
1020 3466 1114 3539 ordo
1141 3483 1334 3541 servetur:
1363 3481 1560 3564 antequam

540 3761 569 3820 1.
590 3761 797 3833 Disposuerunt
808 3759 877 3820 133.

538 3858 568 3912 2.
588 3859 760 3914 Memint'um
779 3857 866 3917 codd.
882 3889 921 3900 -
932 3859 1101 3916 Memmium
1113 3856 1182 3916 edd.
1194 3889 1231 3902 -
1243 3853 1448 3916 Monasterium
1464 3851 1560 3915 sancti

497 3947 626 4007 Memmii
638 3949 669 4008 in
682 3950 884 4010 Catalaunensi
895 3947 1035 4010 suburbio
1046 3951 1133 4010 situm
1145 3962 1218 4011 erat.

537 4046 565 4105 3.
590 4047 622 4102 ln
634 4043 699 4103 cod.
718 4047 776 4104 135
790 4045 963 4104 omittuntur
978 4043 1066 4104 verba
1079 4049 1305 4123 archiepiscopus
1321 4051 1505 4106 Trcraensts.

537 4141 566 4195 d.
591 4139 748 4212 Opulentus
763 4141 832 4198 133.
850 4138 904 4196 Hic
918 4149 962 4197 est
977 4137 1104 4218 Welpho
1116 4143 1157 4210 ll,
1170 4139 1297 4199 Bavariae
1308 4159 1417 4200 comcs,

537 4233 567 4289 ὅ.
589 4237 702 4308 Longus
716 4247 742 4288 et
754 4235 829 4292 tinus
842 4235 911 4291 133.
933 4264 971 4276 -
981 4235 1011 4292 6.
1034 4237 1134 4291 Facile
1146 4235 1216 4293 133.

537 4326 566 4382 7.
592 4323 774 4398 Temporibus
798 4339 1005 4382 antecessorum
1025 4340 1192 4404 vestrorum,
1206 4330 1421 4402 apostolicorum
1437 4330 1558 4382 virorwn

496 4421 595 4490 magni
610 4421 739 4494 Gregorii
753 4422 822 4480 133.
833 4453 869 4466 -
885 4417 1066 4496 Temporibus
1078 4434 1283 4479 antecessorum
1298 4440 1433 4493 meorum,
1444 4430 1559 4495 aposto-

498 4507 611 4566 licorum
626 4515 745 4567 virorum
761 4513 868 4570 tttto.
