3742 5667
630 790 694 845 VlE
712 790 761 846 DE
781 786 892 849 LOUlS
912 792 959 847 LE
980 790 1087 848 GROS.
1332 798 1383 856 llil

320 918 428 990 enim
442 920 596 991 scientim
614 934 650 991 et
673 920 856 994 industriae
877 924 1137 1018 sexagenarius¹
1158 939 1248 1015 erat,
1272 942 1324 1019 ut,
1357 928 1387 1001 si

320 1030 543 1132 impinguati
559 1036 721 1136 corporis
734 1036 897 1109 molestia
908 1036 1002 1134 jugis
1012 1063 1086 1110 uon
1100 1039 1289 1131 resisteret,
1310 1067 1386 1115 om·

319 1172 414 1221 nem
430 1152 676 1225 universaliter
689 1151 831 1225 hostem
843 1153 1044 1252 superando
1056 1170 1266 1228 contereret.
1282 1157 1385 1231 Unde

322 1412 342 1446 ιι
367 1383 465 1480 quit,
481 1386 619 1457 miserae
632 1384 848 1477 conditioni,
867 1410 947 1483 quae
962 1386 1051 1459 scire
1066 1400 1101 1459 et
1119 1411 1221 1484 posse
1242 1388 1385 1462 insimul

322 1527 343 1563 ι
365 1514 434 1571 aut
446 1501 504 1571 xix
518 1516 776 1597 autnunquam
791 1499 967 1573 admittit!
989 1502 1025 1573 Si
1039 1504 1135 1574 enim
1145 1503 1287 1600 juvenis
1300 1507 1386 1579 scis·

324 1644 344 1681 ι
364 1640 458 1707 sem,
474 1631 536 1688 aut
560 1616 670 1688 modo
679 1641 786 1688 senex
810 1619 986 1713 possem',
1004 1616 1247 1691 efficacissime
1280 1628 1387 1716 regna

323 1760 342 1795 α
365 1730 483 1803 multa
508 1732 827 1829 perdomassem.»
858 1737 907 1803 Ea
926 1747 1045 1805 tamen
1072 1737 1233 1833 corporis
1259 1736 1386 1809 debili-

320 1846 437 1919 tatus⁸
457 1849 639 1943 gravitate,
659 1848 768 1919 etiam
784 1847 876 1920 lecto
897 1849 1143 1944 rigidissimus,
1161 1876 1274 1950 usquc
1294 1852 1385 1927 adeo

320 1976 360 2033 et
381 1964 456 2058 regi
479 1963 609 2058 Angliae
631 1964 826 2060 comitique
848 1963 1055 2036 Theobaldo
1077 1980 1114 2037 et
1137 1966 1305 2039 omnibus
1327 1993 1384 2041 re·

318 2077 484 2170 sistebat,
500 2093 541 2151 ut
554 2078 772 2176 quicumque
780 2103 864 2150 eum
877 2079 1086 2152 viderentet
1096 2082 1264 2180 praeclara
1272 2108 1380 2182 opera

319 2194 506 2285 audirent,
540 2195 649 2266 animi
684 2194 911 2267 nobilitatem
942 2195 1191 2293 predicarent,
1226 2200 1385 2297 corporis

318 2307 544 2382 debilitatem
569 2309 833 2407 deplangerent.
854 2315 904 2381 Fa
920 2312 1027 2383 etiam
1048 2312 1256 2386 molestatus
1274 2340 1382 2411 auga·

319 2426 390 2516 ria,
408 2451 492 2499 cum
509 2442 635 2498 contra
651 2426 898 2499 Theobaldum
917 2427 1102 2519 comitem,
1117 2427 1200 2501 laeso
1219 2454 1324 2503 crure
1347 2447 1383 2505 et

320 2541 383 2612 vix
398 2540 602 2639 deportato,
625 2546 761 2613 Bonam
783 2541 949 2631 Vallem',
969 2558 1097 2641 praeter
1124 2544 1276 2617 claustra
1293 2572 1377 2620 mo·

318 2656 519 2730 pachorum
536 2682 616 2755 quae
629 2656 857 2744 defendebat,
876 2659 957 2754 igne
974 2684 1204 2733 concremare
1227 2662 1378 2755 fecisset,

320 2772 437 2847 sedet
453 2774 519 2845 alia
535 2775 613 2845 vioe
628 2799 711 2846 cum
728 2772 919 2846 Castellum
937 2775 1107 2862 Renardi,
1135 2776 1180 2848 de
1200 2776 1307 2850 feodo
1324 2804 1383 2851 co·

320 2890 418 2961 mitis
433 2888 642 2979 Theobaldi,
662 2914 724 2987 per
740 2886 906 2960 homiues
928 2890 1036 2962 etiam
1051 2890 1179 2963 absens
1193 2892 1382 2965 destruxis-

321 3020 388 3096 set,
416 3032 458 3077 ea
489 3031 599 3103 quam
618 3020 813 3077 extremam
826 3004 909 3077 lecit
933 3004 1211 3103 expeditionem,
1239 3009 1384 3083 nobilis·

321 3123 414 3193 simo
430 3122 584 3193 exercitu
597 3135 754 3194 castrum
771 3121 890 3194 Sancti
906 3121 1094 3195 Brictiouis
1111 3148 1218 3223 super
1233 3124 1383 3199 fluvium

323 3237 489 3333 Ligerim,
507 3236 556 3309 ob
575 3240 630 3309 sul
647 3238 876 3335 rapacitatem
892 3253 929 3311 et
944 3254 1187 3313 mercatorum
1204 3241 1383 3340 depraeda-

324 3353 473 3445 tionem,
502 3366 539 3424 et
562 3352 728 3424 incendio
744 3352 918 3445 dissolvit,
944 3370 981 3427 et
999 3346 1126 3428 turrim
1142 3370 1178 3427 et
1193 3354 1382 3429 dominum

324 3468 369 3541 ad
403 3468 624 3541 deditionem
656 3468 785 3563 coegit.
821 3472 901 3557 Qua
929 3493 1106 3564 regressus
1140 3470 1377 3570 expeditione,

324 3582 420 3685 apud
434 3584 622 3659 castellum
636 3608 773 3657 novum
787 3584 916 3657 Montis
930 3584 1087 3691 Trcherii
1107 3584 1119 3619 ⁸
1139 3588 1237 3681 gravi
1252 3586 1379 3661 diarria

365 3866 394 3923 1.
410 3868 689 3943 ριιίηᾳιιαςσηανίω,
703 3881 803 3922 errore
817 3860 1015 3935 amanuensis,
1031 3860 1097 3921 cod.
1112 3864 1221 3926 tatto.

365 3960 394 4017 Ξ.
416 3954 470 4016 llic
483 3956 588 4016 veteris
600 3955 696 4037 gallici
711 3955 858 4037 proverbii
878 3953 1107 4033 antiquissimum
1124 3954 1198 4015 forte
1218 3975 1376 4037 agnoscen-

329 4048 396 4111 dum
409 4064 452 4111 est
468 4049 633 4129 vestigium.

366 4147 394 4204 3.
413 4142 566 4202 Debilitati
578 4146 690 4203 tatto.

366 4240 396 4300 l.
409 4240 642 4295 Bonam-Vallem
663 4234 730 4295 edd.
754 4234 859 4297 Chesn.
875 4225 904 4294 ct
922 4232 1069 4295 Benedict.
1085 4266 1126 4279 ·-
1137 4238 1299 4294 Bencvallls
1310 4238 1380 4309 tta,

332 4334 434 4393 tatto.
450 4364 489 4377 -
501 4332 699 4388 Bona-Vallis
713 4332 803 4391 5925.
819 4361 857 4377 ·-
871 4332 1069 4387 Bonas-Vallr‘s
1082 4331 1277 4387 nronasterium
1289 4330 1379 4393 6265.

331 4460 367 4472 -
381 4429 539 4485 Bonevallis
551 4423 620 4485 edit.
633 4426 732 4485 Germ.
749 4427 832 4483 Nunc
842 4421 930 4503 vulgi>
942 4428 1097 4485 Bonneval.

368 4523 396 4580 5.
423 4521 466 4579 lta
481 4517 596 4579 codices
616 4536 716 4579 omncs
727 4530 757 4578 ct
775 4515 917 4578 editiones
947 4550 985 4563 -
1003 4518 1260 4593 Montis-Helvii,
1279 4515 1381 4598 gallice
