3742 5667
598 761 661 818 VIE
680 761 730 818 DE
751 759 859 820 Lotus
880 763 926 820 LE
947 761 1057 822 GROS.
1319 767 1356 824 tt

299 893 547 988 sexagenarius
576 909 689 984 esset,
712 917 832 988 regem
860 918 993 965 exuens
1027 893 1124 992 apud
1146 892 1359 968 Milidunum

299 1019 456 1077 manum
488 1029 596 1103 super
623 1004 773 1078 fluvium
809 1009 992 1102 Sequanae,
1017 1020 1189 1103 presente
1210 1005 1360 1080 domino

299 1119 498 1214 Ludovico,
525 1135 725 1194 extremum
745 1120 869 1192 clausit
890 1118 987 1193 diem
996 1124 1017 1190 ¹.
1046 1121 1154 1217 Cujus
1177 1121 1361 1195 nobilibus

299 1235 458 1334 exequiis
487 1236 728 1312 interfuerunt
743 1235 809 1309 viri
827 1235 1048 1309 venerabiles
1059 1235 1162 1308 Walo
1184 1237 1360 1309 Parisien·

299 1353 346 1424 sis
372 1353 577 1453 episcopus,
594 1352 877 1440 silvanectensis,
905 1352 1177 1441 Aurelianensis,
1195 1366 1231 1424 et
1255 1353 1361 1427 bonae

298 1469 483 1540 memoriae
503 1467 616 1540 adam
631 1467 727 1542 beati
743 1468 906 1566 Dionysii
927 1466 1051 1559 abbas,
1071 1483 1108 1541 et
1123 1469 1189 1540 viri
1205 1467 1361 1565 religiosi

298 1584 544 1682 quamplures.
577 1585 669 1680 Qui,
699 1583 821 1657 nobile
854 1585 959 1678 regiae
991 1584 1181 1680 majestatis
1208 1584 1361 1657 cadaver

297 1697 345 1769 ad
374 1698 562 1772 eeclesiam
587 1697 699 1772 beatae
730 1700 847 1772 llariae
870 1699 1115 1798 perferentes,
1153 1699 1312 1772 celebres
1327 1701 1361 1774 ei

300 1816 465 1912 exequias
494 1830 808 1914 pernoctaverunt.
838 1817 1016 1913 Sequente
1033 1840 1121 1888 vero
1149 1840 1266 1906 mane,
1287 1816 1359 1889 lec·

300 1930 420 2024 ticam,
453 1931 570 2030 palliis
605 1957 667 2004 seu
704 1955 935 2029 quocumque
973 1930 1116 2003 funebri
1141 1947 1270 2004 ornatu
1295 1932 1360 2005 de·

299 2062 423 2119 center
447 2063 624 2138 ornatam,
649 2047 846 2120 cervicibus
866 2048 1047 2144 majorum
1067 2072 1216 2121 suorum
1237 2073 1359 2122 servo·

298 2159 401 2230 rnm'
413 2159 587 2256 imposuit
600 2157 711 2249 filius3
731 2172 767 2229 et
781 2157 880 2230 filiali
893 2159 1037 2251 affectu,
1053 2158 1361 2256 quemadmodum

298 2272 465 2364 decebat,
484 2273 596 2346 modo
612 2274 721 2373 pedes
736 2274 848 2347 modo
864 2299 985 2372 eques,
1001 2299 1085 2346 cum
1099 2300 1190 2373 quos
1206 2274 1362 2348 habebat

298 2387 497 2460 homnibus
510 2389 670 2461 lecticam
679 2388 800 2461 flendo
813 2389 973 2486 adjutare
980 2390 1156 2465 studebat.
1175 2392 1241 2462 Hic
1253 2392 1361 2464 etiam

298 2503 502 2577 mirabilem
525 2503 717 2576 ostendens
738 2505 848 2575 animi
871 2505 1156 2600 generositatem,
1178 2531 1263 2578 cum
1283 2520 1361 2578 toto

300 2633 464 2720 tempore
479 2621 560 2693 vitae
576 2645 647 2693 snae
666 2645 732 2692 nee
754 2645 821 2718 pro
836 2620 962 2691 matris
985 2620 1149 2719 repudio,
1170 2645 1237 2692 nec
1252 2622 1361 2693 etiam

301 2761 365 2834 pro
386 2735 604 2836 superducta
629 2735 895 2830 audegavensf,
921 2736 1040 2834 ipsum
1059 2736 1097 2806 in
1113 2734 1234 2833 aliquo
1250 2737 1363 2809 offen·

301 2851 395 2942 dere,
426 2867 489 2924 aut
516 2852 616 2948 regni
641 2852 717 2948 ejus
739 2850 1024 2924 dominationem
1047 2850 1293 2924 defraudando
1322 2851 1359 2922 io

303 2969 432 3066 aliquo,
452 2969 544 3040 sicut
557 2967 616 3039 alii
630 2982 893 3040 consueverunt
907 2967 1068 3062 juvenes,
1087 2967 1264 3039 curaverit
1279 2990 1361 3064 per·

307 3083 459 3156 turbare.
490 3087 582 3154 Cum
611 3099 733 3155 autem
763 3081 809 3154 ad
832 3081 954 3154 nobile
979 3083 1238 3156 monasterium
1265 3080 1361 3154 beati

308 3199 481 3272 Benedicti
491 3199 754 3297 superLigerim
768 3197 1041 3270 fluviummulto
1050 3199 1222 3270 comitatu
1235 3173 1361 3295 depbr-

309 3331 447 3408 tassent,
459 3314 632 3413 quoniam
641 3312 777 3386 ibidem
793 3339 830 3385 se
846 3310 1233 3410 devoverat(dicebant
1249 3311 1361 3408 siqui-

311 3430 387 3503 dem
415 3431 477 3528 qui
500 3428 547 3501 ab
567 3455 611 3503 eo
630 3430 818 3502 audierant
838 3428 938 3524 quod
966 3454 987 3500 a
1012 3427 1195 3527 sepultura
1214 3441 1361 3526 patrum

313 3571 595 3642 suorumregum,
605 3569 684 3644 quae
692 3547 730 3617 in
738 3544 886 3618 ecclesia
894 3543 992 3617 beati
1000 3544 1161 3642 Dionysii
1170 3543 1361 3640 quasijure

314 3662 458 3736 naturali
471 3661 686 3755 habetur,se
697 3659 876 3734 absentari
890 3658 1182 3753 desideraveras,
1199 3683 1244 3732 eo
1261 3657 1361 3755 quod

350 3845 376 3902 l.
389 3846 470 3901 Anno
485 3841 583 3918 ll08,
597 3837 644 3899 die
656 3836 725 3920 julii
744 3835 880 3898 vicesimo
897 3857 987 3898 nono.
1002 3835 1165 3918 Philippus,
1181 3835 1206 3895 si
1219 3847 1289 3895 tunc
1301 3835 1360 3896 fere

314 3937 505 4015 sexagenarius
524 3945 598 4006 erat,
613 3945 646 3992 nt
664 3931 764 3992 scribit
776 3929 824 3990 hic
842 3931 990 4010 sugerius,
1009 3931 1088 3990 circi
1104 3949 1212 3990 annum
1226 3933 1318 4004 ldiss,
1330 3941 1361 3988 at

314 4031 526 4101 non1052,nec
539 4030 629 4100 1059,
645 4023 738 4084 otalii
751 4022 898 4098 dixerunt,
913 4024 993 4084 nasci
1006 4023 1115 4086 debuit.
1123 4028 1161 4086 V.
1173 4028 1277 4082 lterum
1293 4026 1362 4082 Gat-

314 4123 592 4197 lamsapcena,
613 4132 685 4182 tom.
706 4121 776 4192 XII,
795 4139 827 4198 p.
846 4120 904 4178 766
921 4131 951 4178 et
967 4117 998 4177 in
1010 4117 1110 4178 Indice
1127 4134 1241 4193 rerum3
1256 4119 1310 4176 Art
1324 4119 1361 4176 de

316 4214 392 4288 ve'ris.
407 4216 444 4270 les
456 4215 548 4288 dates,
562 4215 587 4283 l,
601 4217 672 4287 att,
687 4222 744 4272 etc.

355 4306 382 4364 2.
394 4307 530 4362 Senatum
543 4304 625 4362 deest
634 4301 665 4362 in
679 4303 749 4377 135,
767 4321 801 4360 ao
814 4301 845 4361 in
859 4301 926 4362 edd.
943 4305 1044 4362 Germ.
1057 4313 1086 4361 et
1096 4301 1200 4363 Chesn.

357 4397 381 4453 3.
395 4399 538 4454 comitissa
550 4395 632 4456 addit
644 4394 722 4456 solus
734 4393 801 4457 ond.
816 4393 959 4456 recentior
971 4398 1060 4456 6265.

359 4493 383 4548 l·
394 4489 595 4551 Deliberaverat
609 4494 679 4552 663.
