3742 5667
472 763 530 820 sno
690 755 854 814 muvaes
873 735 1085 812 consecres
1105 753 1155 808 os
1175 751 1311 812 suem.

473 893 583 991 scopi.
602 890 749 985 Signum
765 887 945 976 Sansonis,
965 887 1158 956 Remorum
1172 881 1439 982 archiepiscopi.
1453 881 1533 976 Sig-

471 1031 561 1080 num
591 1004 750 1096 Gosleni,
778 1001 973 1075 Suessionis
999 999 1167 1098 episcopi.
1195 999 1341 1096 Signum
1371 997 1527 1083 Odonis,

472 1121 691 1195 Belvacensis
715 1119 884 1219 episcopi.
903 1117 1052 1213 Signum
1077 1115 1249 1208 Rotbcrti,
1273 1111 1414 1187 abbatis
1434 1117 1529 1186 Cor-

473 1237 561 1311 beiae
573 1242 596 1310 ¹.

474 1630 521 1680 xl.
545 1629 582 1678 tn
606 1624 764 1676 cuntant
782 1623 905 1673 EORUM
926 1623 988 1685 QUI
1008 1622 1147 1672 ututur
1168 1621 1368 1671 vomuntur
1380 1623 1414 1672 lu
1428 1619 1531 1669 vttct

772 1736 972 1787 sermm
992 1734 1230 1784 vttffimtssou.

474 2009 573 2084 Saga,
587 2015 677 2082 ayant
690 2004 749 2080 sar‘t
766 2001 841 2062 bdte'r
855 2004 883 2060 Ie
901 2004 1003 2080 village
1025 2003 1061 2058 cle
1082 2004 1263 2080 Vaucausson,
1287 1999 1416 2060 dunusci
1440 2012 1533 2058 tontes

508 2118 661 2180 personna
670 2098 721 2177 qui
732 2098 904 2173 viendronty
914 2097 1059 2154 demeum
1068 2097 1117 2154 des
1130 2109 1217 2156 terres
1231 2097 1316 2154 cedes
1325 2097 1489 2174 prirtteger.

951 2253 1056 2337 (aare)

526 2476 568 2544 In
595 2471 743 2545 nomine
767 2484 896 2544 sanctae
920 2485 956 2543 et
981 2469 1175 2544 individuae
1192 2470 1384 2544 Trinitatis.
1406 2475 1533 2544 nmen.

478 2593 613 2664 Notum
626 2586 703 2660 fieri
717 2587 884 2659 uolumus
900 2601 973 2660 tam
988 2585 1221 2686 praesentibus
1236 2609 1346 2684 quam
1361 2585 1512 2684 posteris
1525 2588 1537 2626 ²

478 2703 580 2804 quod
611 2728 678 2799 ego
706 2702 887 2800 Sugerius,
917 2703 987 2777 Dei
1023 2703 1133 2800 gratia
1161 2699 1316 2776 ecclesiae
1346 2701 1538 2774 beatorum

478 2820 609 2894 Christi
630 2834 830 2918 martyrum
850 2819 1024 2918 Dionysii,
1046 2817 1175 2892 Rustici
1194 2833 1230 2892 et
1255 2817 1449 2892 Eleutherii
1469 2817 1536 2890 ab·

478 2935 555 3030 bas,
567 2937 752 3010 communi
762 2960 941 3010 consensu
948 2935 1094 3036 capituli
1105 2935 1230 3029 nostri,
1244 2935 1485 3009 concessimus
1498 2948 1539 3007 ut

480 3053 699 3153 quicumque
713 3052 751 3124 in
764 3052 921 3152 quadam
936 3052 1020 3126 villa
1036 3075 1129 3124 nova
1145 3031 1254 3150 quam
1268 3049 1535 3144 aedificavimus,

480 3194 560 3267 quae
574 3169 640 3241 Val
653 3171 804 3242 Cresson
814 3167 1045 3269 appellatur³,
1059 3191 1203 3241 manere
1217 3167 1412 3257 voluerint,
1434 3191 1537 3240 men·

480 3309 600 3358 suram
627 3298 741 3376 terrm,
768 3309 970 3384 arpennum
994 3307 1109 3357 unum
1131 3281 1296 3356 videlicet
1317 3297 1353 3356 et
1373 3298 1538 3382 quartam

480 3401 620 3499 arpenti
645 3416 786 3499 partem
817 3425 886 3501 pro
911 3400 1105 3474 duodecim
1128 3399 1283 3473 denariis
1310 3422 1438 3472 census
1472 3399 1537 3474 ha-

480 3513 601 3608 beant,
618 3530 654 3589 et
668 3514 714 3587 ab
726 3517 827 3588 omni
839 3514 935 3590 tallia
948 3529 984 3588 et
1000 3514 1179 3589 exactoria
1196 3513 1454 3588 consuetudine
1471 3516 1537 3588 im·

481 3656 607 3732 munes
636 3633 801 3706 existant.
830 3638 884 3704 Ita
907 3647 1018 3705 utne
1045 3629 1199 3706 devilia
1226 3656 1289 3705 sua
1313 3631 1463 3729 alicujus
1476 3655 1537 3704 seu

479 3747 584 3842 regis,
600 3771 663 3819 seu
676 3748 862 3848 principis,
877 3773 940 3821 seu
959 3747 1143 3821 servientis
1158 3748 1255 3820 Beati
1274 3747 1434 3846 Dionysii
1460 3747 1540 3820 sub·

480 3863 695 3956 monitione,
714 3865 780 3938 nisi
796 3865 939 3965 propria
954 3863 1092 3939 abbatis
1103 3865 1262 3964 jussione
1282 3860 1319 3938 in
1343 3864 1539 3939 exercitum

521 4109 551 4168 i.
570 4110 615 4166 Ex
636 4104 770 4189 originali
788 4108 888 4169 chatti
909 4107 1040 4189 (Archiv.
1057 4113 1145 4190 Imp„
1170 4113 1200 4169 tt
1213 4107 1265 4179 ΞΒ,
1287 4115 1320 4166 n⁰
1347 4105 1389 4187 a),
1404 4104 1453 4165 cui
1471 4105 1540 4166 olim

482 4212 561 4274 octo,
574 4219 652 4261 nnnc
665 4201 751 4262 etiarn
767 4203 826 4262 duo
837 4204 940 4264 suffixa
954 4201 1247 4282 sigium-Dubitat,
1260 4219 1292 4283 p.
1309 4199 1540 4273 stu-rath..

481 4291 560 4354 inter
570 4293 766 4375 probationes,
777 4317 809 4377 p.
824 4314 874 4356 cn.

522 4389 553 4448 2.
567 4389 685 4447 Futurt's
697 4387 745 4450 ed.
760 4386 867 4449 Chesn.

525 4483 556 4542 3.
578 4480 739 4543 Cs.libmm
750 4481 920 4563 sugeriiDe
931 4481 991 4545 reb.
1002 4488 1032 4541 tn
1045 4481 1218 4547 sreaadmin.
1228 4480 1539 4560 gesupupruptut.
