3742 5667
602 779 666 836 vlo
685 781 735 835 DE
755 779 867 838 touls
887 782 934 838 LE
954 781 1064 840 GROS.
1325 787 1365 844 25

303 909 379 1006 gula
410 907 647 1010 dirupissent,
678 910 954 985 exhilarescunt.
992 912 1202 986 Testabatur
1232 919 1366 1015 quippe

301 1041 397 1128 pater
415 1023 494 1098 lilio
509 1026 707 1118 Ludovico,
723 1026 828 1099 nobis
842 1027 1087 1120 audientibus,
1105 1029 1181 1127 ejus
1197 1029 1367 1127 defatiga-

302 1145 399 1216 tione
413 1141 646 1216 acerbissime
662 1157 865 1239 gravatum:
888 1175 905 1211 α
928 1146 1202 1242 Age,inquiens,
1222 1127 1273 1219 lili
1297 1153 1368 1220 Lu-

303 1259 443 1352 dorice,
462 1283 564 1332 serva
575 1258 754 1332 excubans
768 1261 907 1352 turrim,
922 1261 1025 1358 cujus
1031 1261 1264 1335 devexatione
1276 1289 1370 1362 pene

301 1375 490 1466 consenui,
502 1373 604 1470 cujus
619 1373 706 1446 dolo
719 1391 755 1447 et
770 1373 1166 1476 fraudulentanequitia
1182 1404 1369 1477 nunquam

301 1515 428 1590 pacem
444 1489 581 1564 bonam
597 1505 634 1563 et
648 1491 819 1589 quietam¹
833 1490 967 1564 habere
979 1494 1095 1591 potui.
1114 1522 1134 1561 s
1150 1495 1265 1592 Hujus
1286 1494 1368 1568 infl-

303 1607 430 1679 delitas
456 1606 580 1680 fxdeles
604 1605 778 1698 infideles,
805 1605 967 1679 infideles
989 1608 1253 1682 infidelissimos
1284 1634 1371 1708 pro·

303 1723 464 1815 creabat,
488 1721 647 1822 perfidos
667 1723 832 1796 cominus
856 1723 1068 1820 eminusque
1091 1723 1367 1825 concopulabat,

305 1865 370 1912 nec
386 1841 427 1910 in
461 1853 542 1912 toto
568 1862 679 1934 regno
697 1841 893 1938 quicquam
920 1839 1005 1911 mali
1030 1840 1166 1938 absque
1194 1865 1369 1928 consensu

305 1979 433 2028 eorum
448 1969 513 2028 aut
520 1979 628 2053 opere
642 1954 762 2027 fiebat.
773 1959 937 2053 Cumque
953 1955 1093 2029 alluvio
1103 1959 1277 2054 Sequmm
1285 1958 1371 2028 Cur-

306 2070 445 2160 botio·‚
465 2070 588 2144 medio
605 2070 671 2142 viae
691 2073 813 2143 Monte
832 2069 983 2160 Leherii,
1008 2097 1030 2142 a
1051 2071 1196 2144 dextera
1220 2071 1371 2144 Castello

307 2187 416 2258 Furti⁸
435 2211 549 2286 pagus
570 2187 763 2260 Parisiaeus
779 2187 1132 2283 circumcingeretur,
1158 2189 1253 2260 inter
1275 2188 1373 2257 Pari·

308 2303 437 2374 sienses
465 2317 503 2374 et
529 2302 796 2375 aurelianenses
825 2318 968 2376 tantum
1004 2304 1227 2376 confusionis
1263 2303 1374 2375 chaos

310 2416 491 2489 firmatum
518 2433 608 2510 erat,
642 2431 681 2489 ut
709 2443 828 2516 nequo
856 2417 895 2490 hi
918 2417 966 2491 ad
991 2419 1072 2491 illos
1102 2443 1220 2517 neque
1243 2417 1296 2489 illi
1326 2417 1374 2490 ad

310 2535 407 2626 istos,
426 2533 565 2630 absque
580 2531 805 2632 perfidorum
819 2532 983 2625 arbitrio,
1006 2535 1074 2606 nisi
1096 2535 1133 2606 in
1156 2558 1267 2606 manu
1286 2533 1373 2605 forti

309 2649 468 2721 valerent
504 2663 734 2720 transmeare.
764 2651 900 2722 Verum
936 2649 1074 2749 praefati
1106 2673 1212 2722 causa
1247 2648 1373 2721 matri-

310 2763 421 2837 monii
442 2787 567 2862 sepem
581 2763 690 2862 rupit,
705 2787 887 2838 accessum
904 2764 1109 2863 jocundum
1135 2765 1296 2863 utrisque
1315 2788 1373 2837 re·

309 2879 460 2980 paravit.

356 2999 436 3067 Huc
451 2995 600 3066 accessit
617 2993 716 3092 quod
731 2994 850 3067 Guido
868 3019 990 3068 comes
1000 2994 1047 3068 de
1067 2999 1167 3094 Rupe
1182 2996 1308 3085 Forfi‘,
1323 2994 1378 3065 vir

311 3113 443 3212 peritus
459 3126 496 3183 et
510 3111 613 3184 miles
636 3111 819 3202 emeritus,
845 3113 982 3210 praefati
1002 3111 1179 3184 Guidonis
1208 3110 1377 3182 Trusselli

311 3243 472 3328 patruus,
490 3251 575 3302 cum
591 3226 638 3300 ab
658 3228 786 3299 itinere
807 3227 1132 3326 Hierosolymitano
1156 3226 1292 3297 famose
1313 3251 1376 3298 co·

312 3345 483 3444 pioseque
499 3343 658 3433 redisset,
675 3344 748 3440 regi
767 3341 931 3442 Philippo
950 3357 1127 3440 gratanter
1144 3340 1302 3413 adbaesit.
1333 3345 1379 3412 Et

313 3461 394 3560 quia
409 3461 559 3558 antiqua
577 3459 814 3532 familiaritate
824 3459 900 3556 jam
919 3474 955 3532 et
970 3457 1041 3531 alia
1055 3458 1133 3530 vice
1147 3457 1223 3554 ejus
1238 3455 1378 3555 dapifer

315 3578 491 3666 extiterat,
508 3590 583 3648 tam
600 3577 676 3676 ipse
696 3601 805 3673 quam
822 3575 915 3648 filius
937 3576 1013 3673 ejus
1032 3573 1202 3646 dominus
1224 3572 1378 3644 Ludovi-

314 3715 377 3765 cus
389 3691 538 3788 agendis
562 3690 766 3790 reipublicae
793 3690 994 3789 dapiferum
1011 3689 1258 3788 prefecerunt,
1277 3702 1319 3759 ut
1340 3701 1377 3758 et

314 3809 776 3908 castrumpraenominatum
783 3809 914 3882 Montis
932 3806 1071 3880 Leherii
1080 3805 1250 3905 deinceps
1256 3804 1378 3901 quiete

356 4045 386 4102 1.
408 4043 539 4117 Quietem
554 4043 623 4099 135.

357 4139 388 4194 Ξ.
411 4133 542 4195 Curbor'lo
566 4135 635 4192 513.
649 4165 689 4178 ·-
704 4131 862 4194 Curbolt'olo
892 4131 951 4192 135
969 4143 998 4192 et
1022 4131 1070 4191 ed.
1085 4132 1187 4191 Germ·
1201 4161 1242 4174 -
1253 4124 1380 4188 corbolio

318 4231 408 4288 6165.
421 4229 515 4306 Vulgo
530 4227 649 4288 corbeil.

359 4325 388 4382 3.
405 4322 498 4400 Vulgo
512 4321 699 4396 Ctoreansorr
709 4319 958 4400 (scincet-oue).

359 4419 391 4475 t.
410 4416 504 4494 angd
518 4417 666 4491 Roclefort
679 4409 926 4494 (Setae-er-otse).
936 4417 1082 4473 -comes
1095 4411 1176 4470 deest
1191 4409 1221 4468 in
1234 4409 1301 4469 cod.
1311 4410 1382 4486 135,

319 4508 444 4589 itemque
455 4509 485 4568 in
499 4509 569 4570 edd.
584 4507 688 4568 Chesn.
703 4517 732 4562 et
746 4507 847 4570 Germ.
