<?xml version="1.0" encoding="UTF-8"?>
<!DOCTYPE html PUBLIC "-//W3C//DTD XHTML 1.0 Transitional//EN"
    "http://www.w3.org/TR/xhtml1/DTD/xhtml1-transitional.dtd">
<html xmlns="http://www.w3.org/1999/xhtml" xml:lang="en" lang="en">
 <head>
  <title>
</title>
<meta http-equiv="Content-Type" content="text/html;charset=utf-8" />
  <meta name='ocr-system' content='tesseract 3.04.00' />
  <meta name='ocr-capabilities' content='ocr_page ocr_carea ocr_par ocr_line ocrx_word'/>
</head>
<body>
  <div class='ocr_page' id='page_1' title='image "./oeuvrescompltes00sugegoog_0272.png"; bbox 0 0 3742 5667; ppageno 0'>
   <div class='ocr_carea' id='block_1_1' title="bbox 501 732 1456 810">
    <p class='ocr_par' dir='ltr' id='par_1_1' title="bbox 501 732 1456 810">
     <span class='ocr_line' id='line_1_1' title="bbox 501 732 1456 810; baseline 0 -3"><span class='ocrx_word' id='word_1_1' title='bbox 501 751 559 807; x_wconf 80' lang='lat' dir='ltr'><strong>sas</strong></span> <span class='ocrx_word' id='word_1_2' title='bbox 718 747 882 809; x_wconf 79' lang='lat' dir='ltr'><strong>‹nuvnss</strong></span> <span class='ocrx_word' id='word_1_3' title='bbox 904 732 1116 807; x_wconf 69' lang='lat' dir='ltr'><strong>courrieres</strong></span> <span class='ocrx_word' id='word_1_4' title='bbox 1132 750 1184 807; x_wconf 81' lang='lat' dir='ltr'><strong>nn</strong></span> <span class='ocrx_word' id='word_1_5' title='bbox 1205 748 1339 810; x_wconf 78' lang='lat' dir='ltr'><strong>suone.</strong></span> <span class='ocrx_word' id='word_1_6' title='bbox 1451 773 1456 783; x_wconf 89' lang='lat'><strong>·</strong></span> 
     </span>
    </p>
   </div>
   <div class='ocr_carea' id='block_1_2' title="bbox 498 876 1578 2605">
    <p class='ocr_par' dir='ltr' id='par_1_2' title="bbox 498 876 1578 2605">
     <span class='ocr_line' id='line_1_2' title="bbox 550 876 1564 971; baseline 0 -20"><span class='ocrx_word' id='word_1_7' title='bbox 550 879 621 969; x_wconf 92' lang='lat' dir='ltr'><strong>Qui</strong></span> <span class='ocrx_word' id='word_1_8' title='bbox 640 904 766 953; x_wconf 89' lang='lat' dir='ltr'><strong>omnes</strong></span> <span class='ocrx_word' id='word_1_9' title='bbox 785 894 860 954; x_wconf 90' lang='lat' dir='ltr'><strong>tam</strong></span> <span class='ocrx_word' id='word_1_10' title='bbox 885 880 1022 971; x_wconf 88' lang='lat' dir='ltr'><strong>festive,</strong></span> <span class='ocrx_word' id='word_1_11' title='bbox 1047 895 1121 953; x_wconf 90' lang='lat' dir='ltr'><strong>tam</strong></span> <span class='ocrx_word' id='word_1_12' title='bbox 1151 878 1372 971; x_wconf 90' lang='lat' dir='ltr'><strong>solemniter,</strong></span> <span class='ocrx_word' id='word_1_13' title='bbox 1404 894 1480 951; x_wconf 85' lang='lat' dir='ltr'><strong>tam</strong></span> <span class='ocrx_word' id='word_1_14' title='bbox 1506 876 1564 951; x_wconf 90' lang='lat' dir='ltr'><strong>di·</strong></span> 
     </span>
     <span class='ocr_line' id='line_1_3' title="bbox 501 993 1565 1096; baseline -0.001 -29"><span class='ocrx_word' id='word_1_15' title='bbox 501 996 604 1087; x_wconf 88' lang='lat' dir='ltr'><strong>versi,</strong></span> <span class='ocrx_word' id='word_1_16' title='bbox 623 1009 695 1069; x_wconf 84' lang='lat' dir='ltr'><strong>tam</strong></span> <span class='ocrx_word' id='word_1_17' title='bbox 719 996 961 1089; x_wconf 89' lang='lat' dir='ltr'><strong>concorditer,</strong></span> <span class='ocrx_word' id='word_1_18' title='bbox 979 1010 1053 1069; x_wconf 86' lang='lat' dir='ltr'><strong>tam</strong></span> <span class='ocrx_word' id='word_1_19' title='bbox 1077 996 1285 1096; x_wconf 90' lang='lat' dir='ltr'><strong>propinqui,</strong></span> <span class='ocrx_word' id='word_1_20' title='bbox 1305 1010 1379 1069; x_wconf 86' lang='lat' dir='ltr'><strong>tam</strong></span> <span class='ocrx_word' id='word_1_21' title='bbox 1399 993 1565 1067; x_wconf 81' lang='lat' dir='ltr'>hilariter</span> 
     </span>
     <span class='ocr_line' id='line_1_4' title="bbox 501 1110 1565 1211; baseline 0 -28"><span class='ocrx_word' id='word_1_22' title='bbox 501 1110 616 1211; x_wconf 82' lang='lat' dir='ltr'><strong>ipsam</strong></span> <span class='ocrx_word' id='word_1_23' title='bbox 629 1112 793 1186; x_wconf 90' lang='lat' dir='ltr'><strong>altarium</strong></span> <span class='ocrx_word' id='word_1_24' title='bbox 809 1113 1074 1186; x_wconf 89' lang='lat' dir='ltr'><strong>consecratione</strong></span> <span class='ocrx_word' id='word_1_25' title='bbox 1087 1112 1277 1186; x_wconf 83' lang='lat' dir='ltr'><strong>missarum</strong></span> <span class='ocrx_word' id='word_1_26' title='bbox 1294 1112 1494 1185; x_wconf 90' lang='lat' dir='ltr'><strong>solemnem</strong></span> <span class='ocrx_word' id='word_1_27' title='bbox 1506 1134 1565 1183; x_wconf 89' lang='lat' dir='ltr'><strong>ce·</strong></span> 
     </span>
     <span class='ocr_line' id='line_1_5' title="bbox 500 1227 1565 1330; baseline -0.002 -30"><span class='ocrx_word' id='word_1_28' title='bbox 500 1227 737 1302; x_wconf 85' lang='lat' dir='ltr'><strong>lebrationem</strong></span> <span class='ocrx_word' id='word_1_29' title='bbox 759 1231 920 1330; x_wconf 88' lang='lat' dir='ltr'><strong>superius</strong></span> <span class='ocrx_word' id='word_1_30' title='bbox 945 1229 1165 1327; x_wconf 89' lang='lat' dir='ltr'><strong>inferiusque</strong></span> <span class='ocrx_word' id='word_1_31' title='bbox 1191 1228 1422 1330; x_wconf 84' lang='lat' dir='ltr'><strong>peragebant,</strong></span> <span class='ocrx_word' id='word_1_32' title='bbox 1449 1240 1492 1299; x_wconf 90' lang='lat' dir='ltr'><strong>ut</strong></span> <span class='ocrx_word' id='word_1_33' title='bbox 1519 1250 1565 1299; x_wconf 81' lang='lat' dir='ltr'><strong>ex</strong></span> 
     </span>
     <span class='ocr_line' id='line_1_6' title="bbox 499 1344 1565 1445; baseline 0 -30"><span class='ocrx_word' id='word_1_34' title='bbox 499 1344 575 1445; x_wconf 90' lang='lat' dir='ltr'><strong>ipsa</strong></span> <span class='ocrx_word' id='word_1_35' title='bbox 604 1348 659 1417; x_wconf 86' lang='lat' dir='ltr'><strong>sul</strong></span> <span class='ocrx_word' id='word_1_36' title='bbox 689 1346 922 1420; x_wconf 83' lang='lat' dir='ltr'><strong>consonantia</strong></span> <span class='ocrx_word' id='word_1_37' title='bbox 952 1361 988 1418; x_wconf 93' lang='lat' dir='ltr'><strong>et</strong></span> <span class='ocrx_word' id='word_1_38' title='bbox 1010 1345 1211 1419; x_wconf 82' lang='lat' dir='ltr'><strong>cohaerente</strong></span> <span class='ocrx_word' id='word_1_39' title='bbox 1246 1344 1442 1418; x_wconf 79' lang='lat' dir='ltr'><strong>harmoniae</strong></span> <span class='ocrx_word' id='word_1_40' title='bbox 1464 1357 1565 1440; x_wconf 82' lang='lat' dir='ltr'><strong>grata</strong></span> 
     </span>
     <span class='ocr_line' id='line_1_7' title="bbox 500 1460 1566 1561; baseline -0.002 -29"><span class='ocrx_word' id='word_1_41' title='bbox 500 1460 656 1533; x_wconf 86' lang='lat' dir='ltr'><strong>melodia</strong></span> <span class='ocrx_word' id='word_1_42' title='bbox 684 1463 804 1561; x_wconf 90' lang='lat' dir='ltr'><strong>potius</strong></span> <span class='ocrx_word' id='word_1_43' title='bbox 833 1460 1012 1559; x_wconf 83' lang='lat' dir='ltr'><strong>angelicus</strong></span> <span class='ocrx_word' id='word_1_44' title='bbox 1029 1486 1140 1560; x_wconf 91' lang='lat' dir='ltr'><strong>quam</strong></span> <span class='ocrx_word' id='word_1_45' title='bbox 1164 1460 1344 1535; x_wconf 87' lang='lat' dir='ltr'><strong>humanus</strong></span> <span class='ocrx_word' id='word_1_46' title='bbox 1366 1474 1566 1533; x_wconf 78' lang='lat' dir='ltr'><strong>concentus</strong></span> 
     </span>
     <span class='ocr_line' id='line_1_8' title="bbox 498 1574 1566 1670; baseline -0.002 -23"><span class='ocrx_word' id='word_1_47' title='bbox 498 1576 746 1670; x_wconf 78' lang='lat' dir='ltr'><strong>aestimaretur,</strong></span> <span class='ocrx_word' id='word_1_48' title='bbox 773 1592 808 1651; x_wconf 92' lang='lat' dir='ltr'><strong>et</strong></span> <span class='ocrx_word' id='word_1_49' title='bbox 823 1576 870 1649; x_wconf 88' lang='lat' dir='ltr'><strong>ab</strong></span> <span class='ocrx_word' id='word_1_50' title='bbox 888 1576 1060 1651; x_wconf 90' lang='lat' dir='ltr'><strong>omnibus</strong></span> <span class='ocrx_word' id='word_1_51' title='bbox 1075 1577 1187 1651; x_wconf 89' lang='lat' dir='ltr'><strong>corde</strong></span> <span class='ocrx_word' id='word_1_52' title='bbox 1208 1593 1246 1652; x_wconf 88' lang='lat' dir='ltr'><strong>et</strong></span> <span class='ocrx_word' id='word_1_53' title='bbox 1262 1602 1327 1651; x_wconf 92' lang='lat' dir='ltr'><strong>ore</strong></span> <span class='ocrx_word' id='word_1_54' title='bbox 1350 1574 1566 1650; x_wconf 89' lang='lat' dir='ltr'><strong>acclamare-</strong></span> 
     </span>
     <span class='ocr_line' id='line_1_9' title="bbox 499 1688 1565 1791; baseline -0.003 -26"><span class='ocrx_word' id='word_1_55' title='bbox 499 1704 581 1765; x_wconf 91' lang='lat' dir='ltr'><strong>tur:</strong></span> <span class='ocrx_word' id='word_1_56' title='bbox 603 1723 620 1759; x_wconf 73' lang='grc' dir='ltr'><strong>α</strong></span> <span class='ocrx_word' id='word_1_57' title='bbox 639 1693 831 1767; x_wconf 87' lang='lat' dir='ltr'><strong>Benedicta</strong></span> <span class='ocrx_word' id='word_1_58' title='bbox 850 1694 959 1791; x_wconf 84' lang='lat' dir='ltr'><strong>gloria</strong></span> <span class='ocrx_word' id='word_1_59' title='bbox 976 1694 1123 1767; x_wconf 90' lang='lat' dir='ltr'><strong>Domini</strong></span> <span class='ocrx_word' id='word_1_60' title='bbox 1136 1694 1183 1767; x_wconf 93' lang='lat' dir='ltr'><strong>de</strong></span> <span class='ocrx_word' id='word_1_61' title='bbox 1198 1693 1280 1768; x_wconf 92' lang='lat' dir='ltr'><strong>loco</strong></span> <span class='ocrx_word' id='word_1_62' title='bbox 1293 1718 1377 1787; x_wconf 89' lang='lat' dir='ltr'><strong>suo;</strong></span> <span class='ocrx_word' id='word_1_63' title='bbox 1394 1688 1565 1765; x_wconf 89' lang='lat' dir='ltr'><strong>benedic-</strong></span> 
     </span>
     <span class='ocr_line' id='line_1_10' title="bbox 502 1808 1562 1909; baseline 0.003 -34"><span class='ocrx_word' id='word_1_64' title='bbox 502 1838 519 1875; x_wconf 74' lang='lat' dir='ltr'><strong>o</strong></span> <span class='ocrx_word' id='word_1_65' title='bbox 547 1822 626 1880; x_wconf 90' lang='lat' dir='ltr'><strong>tum</strong></span> <span class='ocrx_word' id='word_1_66' title='bbox 652 1808 881 1883; x_wconf 88' lang='lat' dir='ltr'><strong>etlaudabile</strong></span> <span class='ocrx_word' id='word_1_67' title='bbox 900 1825 936 1883; x_wconf 91' lang='lat' dir='ltr'><strong>et</strong></span> <span class='ocrx_word' id='word_1_68' title='bbox 960 1809 1259 1909; x_wconf 82' lang='lat' dir='ltr'><strong>superexaltatum</strong></span> <span class='ocrx_word' id='word_1_69' title='bbox 1283 1834 1418 1882; x_wconf 92' lang='lat' dir='ltr'><strong>nomen</strong></span> <span class='ocrx_word' id='word_1_70' title='bbox 1440 1823 1562 1896; x_wconf 91' lang='lat' dir='ltr'><strong>tuum,</strong></span> 
     </span>
     <span class='ocr_line' id='line_1_11' title="bbox 502 1923 1578 2023; baseline -0.005 -27"><span class='ocrx_word' id='word_1_71' title='bbox 502 1951 521 1986; x_wconf 69' lang='grc' dir='ltr'><strong><em>ἰ</em></strong></span> <span class='ocrx_word' id='word_1_72' title='bbox 548 1925 703 1997; x_wconf 89' lang='lat' dir='ltr'><strong>Domine</strong></span> <span class='ocrx_word' id='word_1_73' title='bbox 726 1929 808 1998; x_wconf 87' lang='lat' dir='ltr'><strong>lesu</strong></span> <span class='ocrx_word' id='word_1_74' title='bbox 829 1924 982 2016; x_wconf 89' lang='lat' dir='ltr'><strong>Christe,</strong></span> <span class='ocrx_word' id='word_1_75' title='bbox 1007 1950 1117 2023; x_wconf 90' lang='lat' dir='ltr'><strong>quem</strong></span> <span class='ocrx_word' id='word_1_76' title='bbox 1132 1951 1317 1999; x_wconf 90' lang='lat' dir='ltr'><strong>summum</strong></span> <span class='ocrx_word' id='word_1_77' title='bbox 1346 1923 1578 2006; x_wconf 83' lang='lat' dir='ltr'><strong>Pontificem,</strong></span> 
     </span>
     <span class='ocr_line' id='line_1_12' title="bbox 502 2037 1563 2141; baseline -0.001 -33"><span class='ocrx_word' id='word_1_78' title='bbox 502 2070 520 2107; x_wconf 78' lang='grc' dir='ltr'>α</span> <span class='ocrx_word' id='word_1_79' title='bbox 548 2042 650 2114; x_wconf 86' lang='lat' dir='ltr'><strong>unxit</strong></span> <span class='ocrx_word' id='word_1_80' title='bbox 660 2044 756 2114; x_wconf 91' lang='lat' dir='ltr'><strong>Deus</strong></span> <span class='ocrx_word' id='word_1_81' title='bbox 771 2044 873 2113; x_wconf 88' lang='lat' dir='ltr'><strong>Pater</strong></span> <span class='ocrx_word' id='word_1_82' title='bbox 884 2042 967 2114; x_wconf 92' lang='lat' dir='ltr'><strong>oleo</strong></span> <span class='ocrx_word' id='word_1_83' title='bbox 981 2042 1224 2115; x_wconf 82' lang='lat' dir='ltr'><strong>exsultationis</strong></span> <span class='ocrx_word' id='word_1_84' title='bbox 1239 2066 1312 2141; x_wconf 84' lang='lat' dir='ltr'><strong>prae</strong></span> <span class='ocrx_word' id='word_1_85' title='bbox 1324 2037 1563 2140; x_wconf 86' lang='lat' dir='ltr'><strong>participibus</strong></span> 
     </span>
     <span class='ocr_line' id='line_1_13' title="bbox 503 2152 1566 2245; baseline 0.005 -23"><span class='ocrx_word' id='word_1_86' title='bbox 503 2186 520 2221; x_wconf 85' lang='grc'>«</span> <span class='ocrx_word' id='word_1_87' title='bbox 549 2158 630 2229; x_wconf 90' lang='lat' dir='ltr'><strong>tuis.</strong></span> <span class='ocrx_word' id='word_1_88' title='bbox 648 2158 735 2245; x_wconf 83' lang='lat' dir='ltr'><strong>Quae</strong></span> <span class='ocrx_word' id='word_1_89' title='bbox 756 2156 1003 2231; x_wconf 82' lang='lat' dir='ltr'><strong>sacramentali</strong></span> <span class='ocrx_word' id='word_1_90' title='bbox 1018 2159 1230 2231; x_wconf 88' lang='lat' dir='ltr'><strong>sanctissimi</strong></span> <span class='ocrx_word' id='word_1_91' title='bbox 1244 2157 1453 2230; x_wconf 89' lang='lat' dir='ltr'><strong>Chrismatis</strong></span> <span class='ocrx_word' id='word_1_92' title='bbox 1468 2152 1566 2228; x_wconf 89' lang='lat' dir='ltr'><strong>deli·</strong></span> 
     </span>
     <span class='ocr_line' id='line_1_14' title="bbox 502 2270 1562 2371; baseline 0.006 -30"><span class='ocrx_word' id='word_1_93' title='bbox 502 2299 520 2340; x_wconf 80' lang='lat'>«</span> <span class='ocrx_word' id='word_1_94' title='bbox 546 2270 692 2344; x_wconf 86' lang='lat' dir='ltr'><strong>batione</strong></span> <span class='ocrx_word' id='word_1_95' title='bbox 705 2288 741 2347; x_wconf 90' lang='lat' dir='ltr'><strong>et</strong></span> <span class='ocrx_word' id='word_1_96' title='bbox 757 2273 983 2346; x_wconf 75' lang='lat' dir='ltr'><strong>sanctissime</strong></span> <span class='ocrx_word' id='word_1_97' title='bbox 994 2273 1223 2347; x_wconf 70' lang='lat' dir='ltr'><strong>Eucharistiae</strong></span> <span class='ocrx_word' id='word_1_98' title='bbox 1241 2274 1466 2371; x_wconf 89' lang='lat' dir='ltr'><strong>susceptione</strong></span> <span class='ocrx_word' id='word_1_99' title='bbox 1481 2297 1562 2347; x_wconf 89' lang='lat' dir='ltr'><strong>ma·</strong></span> 
     </span>
     <span class='ocr_line' id='line_1_15' title="bbox 499 2387 1560 2489; baseline 0.008 -36"><span class='ocrx_word' id='word_1_100' title='bbox 499 2418 517 2453; x_wconf 74' lang='lat' dir='ltr'><strong>u</strong></span> <span class='ocrx_word' id='word_1_101' title='bbox 546 2387 681 2459; x_wconf 88' lang='lat' dir='ltr'><strong>terialia</strong></span> <span class='ocrx_word' id='word_1_102' title='bbox 711 2388 1028 2483; x_wconf 83' lang='lat' dir='ltr'><strong>immaterialibus,</strong></span> <span class='ocrx_word' id='word_1_103' title='bbox 1061 2388 1259 2489; x_wconf 90' lang='lat' dir='ltr'><strong>corporalia</strong></span> <span class='ocrx_word' id='word_1_104' title='bbox 1287 2387 1560 2488; x_wconf 85' lang='lat' dir='ltr'><strong>spiritualibus,</strong></span> 
     </span>
     <span class='ocr_line' id='line_1_16' title="bbox 501 2500 1565 2605; baseline 0.008 -36"><span class='ocrx_word' id='word_1_105' title='bbox 501 2532 518 2569; x_wconf 75' lang='grc' dir='ltr'>α</span> <span class='ocrx_word' id='word_1_106' title='bbox 540 2500 698 2575; x_wconf 87' lang='lat' dir='ltr'><strong>humana</strong></span> <span class='ocrx_word' id='word_1_107' title='bbox 721 2502 851 2576; x_wconf 88' lang='lat' dir='ltr'><strong>divinis</strong></span> <span class='ocrx_word' id='word_1_108' title='bbox 865 2503 1094 2577; x_wconf 80' lang='lat' dir='ltr'><strong>uniformiter</strong></span> <span class='ocrx_word' id='word_1_109' title='bbox 1111 2504 1341 2605; x_wconf 92' lang='lat' dir='ltr'><strong>concopulas,</strong></span> <span class='ocrx_word' id='word_1_110' title='bbox 1360 2528 1565 2577; x_wconf 89' lang='lat' dir='ltr'><strong>sacramen·</strong></span> 
     </span>
    </p>
   </div>
   <div class='ocr_carea' id='block_1_3' title="bbox 501 2618 1565 2829">
    <p class='ocr_par' dir='ltr' id='par_1_3' title="bbox 501 2618 1565 2829">
     <span class='ocr_line' id='line_1_17' title="bbox 502 2618 1565 2720; baseline 0.001 -28"><span class='ocrx_word' id='word_1_111' title='bbox 502 2648 519 2683; x_wconf 76' lang='grc' dir='ltr'>α</span> <span class='ocrx_word' id='word_1_112' title='bbox 548 2619 663 2692; x_wconf 81' lang='lat' dir='ltr'><strong>taliter</strong></span> <span class='ocrx_word' id='word_1_113' title='bbox 681 2618 855 2693; x_wconf 80' lang='lat' dir='ltr'><strong>reformas</strong></span> <span class='ocrx_word' id='word_1_114' title='bbox 874 2619 922 2692; x_wconf 91' lang='lat' dir='ltr'><strong>ad</strong></span> <span class='ocrx_word' id='word_1_115' title='bbox 937 2644 1043 2692; x_wconf 90' lang='lat' dir='ltr'><strong>suum</strong></span> <span class='ocrx_word' id='word_1_116' title='bbox 1064 2622 1227 2719; x_wconf 91' lang='lat' dir='ltr'><strong>puriores</strong></span> <span class='ocrx_word' id='word_1_117' title='bbox 1242 2621 1486 2720; x_wconf 69' lang='lat' dir='ltr'><strong>principium</strong></span> <span class='ocrx_word' id='word_1_118' title='bbox 1504 2620 1565 2693; x_wconf 89' lang='lat' dir='ltr'><strong>his</strong></span> 
     </span>
     <span class='ocr_line' id='line_1_18' title="bbox 501 2728 1563 2829; baseline -0.001 -26"><span class='ocrx_word' id='word_1_119' title='bbox 501 2759 517 2796; x_wconf 78' lang='grc' dir='ltr'><strong><em>α</em></strong></span> <span class='ocrx_word' id='word_1_120' title='bbox 547 2745 583 2803; x_wconf 91' lang='lat' dir='ltr'><strong>et</strong></span> <span class='ocrx_word' id='word_1_121' title='bbox 596 2730 805 2829; x_wconf 90' lang='lat' dir='ltr'><strong>hujusmodi</strong></span> <span class='ocrx_word' id='word_1_122' title='bbox 819 2729 1135 2804; x_wconf 89' lang='lat' dir='ltr'><strong>benedictionibus</strong></span> <span class='ocrx_word' id='word_1_123' title='bbox 1149 2730 1348 2804; x_wconf 84' lang='lat' dir='ltr'><strong>visibilibus</strong></span> <span class='ocrx_word' id='word_1_124' title='bbox 1371 2728 1563 2803; x_wconf 87' lang='lat' dir='ltr'><strong>invisibili·</strong></span> 
     </span>
    </p>
   </div>
   <div class='ocr_carea' id='block_1_4' title="bbox 413 2836 1565 3501">
    <p class='ocr_par' dir='ltr' id='par_1_4' title="bbox 413 2836 1565 3501">
     <span class='ocr_line' id='line_1_19' title="bbox 413 2836 1564 2947; baseline 0.007 -34"><span class='ocrx_word' id='word_1_125' title='bbox 413 2863 421 2883; x_wconf 83' lang='lat'><strong>·</strong></span> <span class='ocrx_word' id='word_1_126' title='bbox 501 2876 518 2913; x_wconf 72' lang='grc' dir='ltr'><strong>«ι</strong></span> <span class='ocrx_word' id='word_1_127' title='bbox 545 2861 601 2919; x_wconf 90' lang='lat' dir='ltr'><strong>ter</strong></span> <span class='ocrx_word' id='word_1_128' title='bbox 627 2862 815 2939; x_wconf 89' lang='lat' dir='ltr'><strong>restauras,</strong></span> <span class='ocrx_word' id='word_1_129' title='bbox 834 2848 941 2920; x_wconf 88' lang='lat' dir='ltr'><strong>etiam</strong></span> <span class='ocrx_word' id='word_1_130' title='bbox 965 2836 1175 2947; x_wconf 78' lang='lat' dir='ltr'><strong>praes&#39;entem</strong></span> <span class='ocrx_word' id='word_1_131' title='bbox 1197 2847 1235 2919; x_wconf 92' lang='lat' dir='ltr'><strong>in</strong></span> <span class='ocrx_word' id='word_1_132' title='bbox 1254 2871 1407 2944; x_wconf 84' lang='lat' dir='ltr'><strong>reguum</strong></span> <span class='ocrx_word' id='word_1_133' title='bbox 1415 2844 1564 2921; x_wconf 90' lang='lat' dir='ltr'><strong>ooeleste</strong></span> 
     </span>
     <span class='ocr_line' id='line_1_20' title="bbox 501 2962 1562 3058; baseline 0.005 -28"><span class='ocrx_word' id='word_1_134' title='bbox 501 2992 519 3030; x_wconf 73' lang='grc' dir='ltr'><strong>ει</strong></span> <span class='ocrx_word' id='word_1_135' title='bbox 544 2962 755 3037; x_wconf 87' lang='lat' dir='ltr'><strong>mirabiliter</strong></span> <span class='ocrx_word' id='word_1_136' title='bbox 767 2963 1015 3055; x_wconf 82' lang='lat' dir='ltr'><strong>transformas,</strong></span> <span class='ocrx_word' id='word_1_137' title='bbox 1039 2979 1081 3036; x_wconf 92' lang='lat' dir='ltr'><strong>ut</strong></span> <span class='ocrx_word' id='word_1_138' title='bbox 1094 2988 1180 3039; x_wconf 88' lang='lat' dir='ltr'><strong>cum</strong></span> <span class='ocrx_word' id='word_1_139' title='bbox 1196 2962 1387 3036; x_wconf 89' lang='lat' dir='ltr'><strong>tradideris</strong></span> <span class='ocrx_word' id='word_1_140' title='bbox 1405 2983 1562 3058; x_wconf 87' lang='lat' dir='ltr'><strong>regnum</strong></span> 
     </span>
     <span class='ocr_line' id='line_1_21' title="bbox 499 3077 1562 3176; baseline 0.006 -33"><span class='ocrx_word' id='word_1_141' title='bbox 499 3106 516 3143; x_wconf 76' lang='lat' dir='ltr'><strong>e</strong></span> <span class='ocrx_word' id='word_1_142' title='bbox 545 3080 621 3150; x_wconf 91' lang='lat' dir='ltr'><strong>Deo</strong></span> <span class='ocrx_word' id='word_1_143' title='bbox 638 3092 673 3151; x_wconf 93' lang='lat' dir='ltr'><strong>et</strong></span> <span class='ocrx_word' id='word_1_144' title='bbox 693 3080 800 3171; x_wconf 89' lang='lat' dir='ltr'><strong>Patri,</strong></span> <span class='ocrx_word' id='word_1_145' title='bbox 825 3104 892 3152; x_wconf 90' lang='lat' dir='ltr'><strong>nos</strong></span> <span class='ocrx_word' id='word_1_146' title='bbox 908 3095 947 3152; x_wconf 91' lang='lat' dir='ltr'><strong>et</strong></span> <span class='ocrx_word' id='word_1_147' title='bbox 969 3078 1164 3176; x_wconf 85' lang='lat' dir='ltr'><strong>angelicam</strong></span> <span class='ocrx_word' id='word_1_148' title='bbox 1194 3094 1407 3171; x_wconf 88' lang='lat' dir='ltr'><strong>creaturam,</strong></span> <span class='ocrx_word' id='word_1_149' title='bbox 1425 3077 1562 3151; x_wconf 87' lang='lat' dir='ltr'><strong>coelum</strong></span> 
     </span>
     <span class='ocr_line' id='line_1_22' title="bbox 500 3193 1565 3295; baseline 0.003 -33"><span class='ocrx_word' id='word_1_150' title='bbox 500 3222 519 3261; x_wconf 79' lang='grc' dir='ltr'><strong>ιι</strong></span> <span class='ocrx_word' id='word_1_151' title='bbox 546 3208 582 3265; x_wconf 91' lang='lat' dir='ltr'><strong>et</strong></span> <span class='ocrx_word' id='word_1_152' title='bbox 599 3208 743 3289; x_wconf 88' lang='lat' dir='ltr'><strong>terram,</strong></span> <span class='ocrx_word' id='word_1_153' title='bbox 771 3220 881 3268; x_wconf 88' lang='lat' dir='ltr'><strong>unam</strong></span> <span class='ocrx_word' id='word_1_154' title='bbox 898 3193 1161 3295; x_wconf 89' lang='lat' dir='ltr'><strong>rempublicam</strong></span> <span class='ocrx_word' id='word_1_155' title='bbox 1176 3210 1342 3295; x_wconf 88' lang='lat' dir='ltr'><strong>potenter</strong></span> <span class='ocrx_word' id='word_1_156' title='bbox 1365 3210 1402 3267; x_wconf 94' lang='lat' dir='ltr'><strong>et</strong></span> <span class='ocrx_word' id='word_1_157' title='bbox 1427 3194 1565 3267; x_wconf 88' lang='lat' dir='ltr'><strong>miseri·</strong></span> 
     </span>
     <span class='ocr_line' id='line_1_23' title="bbox 501 3309 1563 3411; baseline 0.004 -34"><span class='ocrx_word' id='word_1_158' title='bbox 501 3338 519 3377; x_wconf 89' lang='lat'>«</span> <span class='ocrx_word' id='word_1_159' title='bbox 546 3309 701 3382; x_wconf 88' lang='lat' dir='ltr'><strong>corditer</strong></span> <span class='ocrx_word' id='word_1_160' title='bbox 713 3309 861 3401; x_wconf 57' lang='lat' dir='ltr'><strong>officiam</strong></span> <span class='ocrx_word' id='word_1_161' title='bbox 877 3311 942 3408; x_wconf 91' lang='lat' dir='ltr'><strong>qui</strong></span> <span class='ocrx_word' id='word_1_162' title='bbox 955 3311 1044 3382; x_wconf 85' lang='lat' dir='ltr'><strong>vivis</strong></span> <span class='ocrx_word' id='word_1_163' title='bbox 1061 3325 1098 3384; x_wconf 90' lang='lat' dir='ltr'><strong>et</strong></span> <span class='ocrx_word' id='word_1_164' title='bbox 1114 3334 1239 3407; x_wconf 88' lang='lat' dir='ltr'><strong>regnas</strong></span> <span class='ocrx_word' id='word_1_165' title='bbox 1250 3315 1347 3384; x_wconf 89' lang='lat' dir='ltr'><strong>Deus</strong></span> <span class='ocrx_word' id='word_1_166' title='bbox 1358 3334 1424 3411; x_wconf 91' lang='lat' dir='ltr'><strong>per</strong></span> <span class='ocrx_word' id='word_1_167' title='bbox 1437 3309 1563 3382; x_wconf 91' lang='lat' dir='ltr'><strong>omnia</strong></span> 
     </span>
     <span class='ocr_line' id='line_1_24' title="bbox 501 3425 1091 3501; baseline 0.002 -6"><span class='ocrx_word' id='word_1_168' title='bbox 501 3454 519 3495; x_wconf 75' lang='lat' dir='ltr'><strong>e</strong></span> <span class='ocrx_word' id='word_1_169' title='bbox 545 3425 669 3499; x_wconf 86' lang='lat' dir='ltr'><strong>saecula</strong></span> <span class='ocrx_word' id='word_1_170' title='bbox 688 3426 911 3501; x_wconf 79' lang='lat' dir='ltr'><strong>seculorum.</strong></span> <span class='ocrx_word' id='word_1_171' title='bbox 934 3431 1091 3499; x_wconf 74' lang='lat' dir='ltr'><strong>Amen.»</strong></span> 
     </span>
    </p>
   </div>
   <div class='ocr_carea' id='block_1_5' title="bbox 0 0 1876 5667">
    <p class='ocr_par' dir='ltr' id='par_1_5' title="bbox 0 0 1876 5667">
     <span class='ocr_line' id='line_1_25' title="bbox 0 0 1876 5667; baseline 0 0"><span class='ocrx_word' id='word_1_172' title='bbox 0 0 1876 5667; x_wconf 95' lang='lat' dir='ltr'><strong> </strong></span> 
     </span>
    </p>
   </div>
  </div>
 </body>
</html>
