3742 5667
500 792 558 847 rao
706 766 885 843 mutans
905 770 1119 844 concurras
1139 788 1189 843 nr
1209 788 1343 848 soora.

503 918 625 991 videre
643 916 796 1009 valeant,
818 917 1047 1014 circumcingi
1068 918 1231 992 fecimus.
1248 919 1469 993 Eorumdem
1485 942 1580 992 vero

504 1050 711 1109 sanctorum
729 1034 953 1108 tumulorum
968 1034 1007 1107 hi
1020 1049 1104 1107 sunt
1117 1058 1242 1108 versus
1259 1060 1268 1107 τ

501 1296 503 1299 ,
582 1248 752 1307 Sanctorum
764 1245 876 1305 cineres
887 1244 936 1305 ubi
952 1244 1068 1304 coelicus
1080 1244 1203 1305 excubat
1213 1245 1300 1322 onlo,

581 1343 666 1405 Plebs
678 1357 761 1423 rogat
775 1356 804 1403 et
818 1342 930 1422 plorat,
945 1344 1039 1403 clerus
1052 1342 1132 1402 canit
1141 1341 1172 1401 in
1186 1342 1380 1414 decachordo,

582 1442 738 1525 spiritibus
750 1462 875 1524 quorum
888 1443 1053 1503 referuntur
1067 1454 1135 1501 vota
1148 1441 1263 1522 piorum
1278 1466 1287 1516 ;

581 1541 710 1619 Cumque
721 1538 837 1620 placent
849 1536 917 1610 illis,
934 1536 1008 1595 mala
1022 1538 1223 1597 condonantur
1235 1556 1346 1597 eorum.

580 1636 712 1714 Corpora
726 1647 891 1693 sanctorum
902 1644 968 1691 sunt
978 1629 1027 1690 hic
1040 1630 1071 1689 in
1081 1651 1154 1711 pace
1167 1632 1290 1711 sepulta,

581 1728 638 1803 Qui
653 1741 717 1809 post
732 1748 763 1788 se
776 1726 891 1807 rapiant
904 1746 958 1786 nos
969 1737 1087 1787 orantes
1096 1745 1183 1806 prece
1197 1726 1299 1787 multa.

581 1823 636 1883 Hic
647 1822 727 1884 locus
743 1822 890 1903 egregium
905 1820 1090 1881 venientibus
1102 1833 1182 1881 extat
1190 1821 1318 1900 asylum3

621 1917 676 1979 llic
689 1918 755 1999 luga
771 1928 832 1977 tuta
844 1916 913 1990 reis,
928 1915 1058 1998 subjacet
1069 1915 1149 1976 ultor
1159 1916 1213 1979 eis.

757 2159 900 2230 XXXII.
919 2162 974 2229 De
986 2159 1173 2256 Crucrfiroo
1187 2182 1310 2231 aureo.

549 2362 778 2437 Adorandam
788 2362 966 2436 vivificam
982 2387 1141 2454 crucem,
1161 2377 1300 2436 aeternae
1315 2362 1473 2435 victoriae
1487 2361 1568 2435 Sal-

501 2481 635 2554 vatoris
674 2474 788 2551 nostri
825 2480 996 2551 vexillum
1021 2480 1264 2570 salutiferum,
1296 2480 1343 2552 de
1373 2504 1449 2577 quo
1475 2478 1567 2552 dicit

500 2594 691 2695 Apostolus
719 2622 727 2666 ε
754 2595 844 2667 Mitt
866 2612 987 2669 autem
1013 2595 1107 2668 absit
1124 2596 1282 2694 gloriari
1303 2597 1376 2668 neri
1395 2598 1434 2667 in
1460 2622 1566 2668 cruce

503 2714 649 2785 Domini
660 2714 732 2783 mei
740 2717 824 2783 lesu
841 2710 978 2783 Christi
986 2717 1009 2803 ¹,
1027 2727 1164 2810 quanto
1183 2712 1381 2809 gloriosum
1396 2736 1469 2785 non
1490 2726 1565 2784 tan·

500 2843 579 2903 tum
593 2826 802 2900 hominibus
816 2842 994 2925 quantum
1015 2828 1124 2901 etiam
1146 2828 1232 2927 ipsis
1248 2827 1395 2924 angelis,
1414 2826 1478 2900 lilii
1496 2827 1565 2900 ho·

499 2946 607 3017 minis
622 2943 764 3039 signum
777 2967 951 3042 apparens
967 2944 1005 3015 in
1021 2944 1190 3015 extremis
1201 2945 1239 3015 in
1255 2944 1361 3035 coelo,
1376 2960 1477 3017 tanto
1488 2944 1564 3041 glo-

499 3061 629 3133 riosius
649 3074 819 3131 ornatum
835 3058 879 3131 iri
893 3074 968 3131 tota
983 3060 1115 3132 mentis
1129 3045 1323 3133 devotione
1336 3061 1366 3133 si
1379 3085 1565 3159 possemus

498 3177 748 3266 inniteremur,
767 3176 898 3273 jugiter
913 3200 995 3247 eam
1011 3201 1097 3249 cum
1116 3176 1279 3276 apostolo
1305 3176 1455 3250 tndraea
1469 3176 1564 3249 salu·

499 3305 612 3364 tantes
632 3319 640 3363 :
663 3320 682 3359 n
701 3289 803 3363 Salve
819 3316 921 3384 crux,
940 3317 1019 3389 quae
1030 3293 1068 3364 in
1085 3316 1235 3391 corpore
1251 3290 1384 3365 Christi
1400 3291 1565 3365 dedicata

498 3432 550 3499 es,
569 3422 605 3480 et
627 3432 671 3479 ex
694 3406 868 3479 membris
885 3408 962 3504 ejus
981 3423 1154 3507 tanquam
1168 3408 1370 3505 margaritis
1386 3423 1523 3481 ornata.
1541 3438 1559 3474 n

501 3527 634 3596 Verum
651 3523 735 3622 quia
750 3524 843 3597 sicut
855 3523 1035 3597 voluimus
1050 3549 1126 3597 non
1142 3526 1339 3624 potuimus,
1361 3550 1472 3624 quam
1489 3550 1565 3599 me·

497 3640 566 3713 lius
577 3640 762 3739 potuimus
778 3639 971 3730 voluimus,
990 3656 1026 3714 et
1040 3640 1214 3739 perficere
1229 3646 1307 3716 Deo
1320 3641 1479 3715 donante
1494 3641 1564 3715 ela-

498 3754 720 3828 boravimus.
739 3755 830 3829 Hinc
846 3770 900 3827 est
914 3754 1015 3854 quod
1027 3756 1273 3855 preciosarum
1292 3757 1564 3853 margaritarum

498 3896 795 3970 gemmarumque
816 3872 959 3971 copiam
976 3872 1257 3972 circumquaque
1277 3898 1343 3973 per
1360 3898 1428 3946 nos
1447 3888 1484 3946 ct
1499 3897 1563 3973 per

496 3989 648 4061 nuncios
675 4002 818 4061 nostros
846 3988 1084 4085 quaeritantes,
1104 4013 1214 4086 quam
1243 3988 1497 4087 preciosiorem
1523 3988 1561 4061 in

495 4128 586 4176 auro
597 4119 634 4176 et
646 4105 795 4200 gemmis
806 4118 907 4176 tanto
923 4106 1066 4178 ornatui
1077 4105 1266 4179 materiam
1276 4106 1437 4178 invenire
1445 4106 1562 4204 potui·

496 4243 577 4292 mus
591 4218 839 4319 praeparandO,
857 4219 1010 4293 artifices
1025 4222 1213 4321 peritiores
1226 4221 1273 4294 de
1289 4221 1438 4294 diversis
1453 4222 1559 4321 parti·

536 4438 565 4493 l.
589 4432 669 4493 Pauli
694 4447 788 4515 apost.
815 4433 852 4492 ad
870 4433 1002 4508 Galatas,
1026 4438 1205 4511 v1,tt.-
1223 4438 1339 4493 Domini
1364 4441 1455 4494 nostri
1472 4440 1557 4494 Jeru-

497 4526 604 4585 Cln'sn'
615 4528 662 4587 ed.
676 4526 797 4603 chesn,
815 4538 848 4587 ut
860 4526 923 4607 ipse
940 4526 1023 4588 Pauli
1037 4539 1145 4589 textos.
