3742 5667
755 803 932 862 curatas
1313 807 1371 865 31ιῦ

316 953 476 1010 extremo
505 937 654 1011 districti
677 938 847 1009 examinis
863 933 1014 1009 terribili
1039 935 1110 1028 die,
1141 941 1250 1036 Euge,
1275 963 1371 1010 serve

315 1050 404 1124 done
416 1068 452 1125 et
463 1052 599 1153 fidelis¹
613 1053 802 1124 aDomino
814 1055 892 1124 Deo
902 1051 1249 1125 mereamuraudire.
1269 1050 1372 1124 Unde

314 1170 456 1241 noverit
470 1182 544 1240 tam
561 1168 790 1266 praesentium
814 1191 924 1265 quam
951 1167 1156 1240 futurorum
1182 1166 1369 1257 industria,

315 1281 416 1381 quod
446 1309 513 1380 ego
540 1283 722 1378 Sugerius,
753 1281 908 1355 ecclesie
930 1282 1028 1355 beati
1058 1283 1218 1380 Dionysii
1244 1282 1368 1371 abbas,

314 1422 492 1472 consensu
524 1397 673 1470 fratrum
700 1411 917 1484 nostrorum,
944 1397 1129 1501 ecclesiam
1149 1397 1243 1472 beati
1263 1396 1372 1488 Pauli,

315 1537 396 1611 quae
423 1514 523 1611 quasi
545 1514 652 1611 capiti
667 1511 872 1585 membrum
887 1512 1043 1587 ecclesiae
1058 1527 1188 1587 nostrae
1212 1513 1371 1605 inhaeret,

314 1628 495 1701 bonorare
506 1644 543 1702 et
554 1628 709 1700 exaitare
725 1628 949 1703 decrevimus
965 1645 1001 1702 et
1015 1631 1278 1729 proposuimus,
1297 1647 1374 1704 tum

315 1745 400 1843 quia
415 1743 511 1817 beati
530 1744 628 1816 Pauli
643 1745 802 1840 magistri
821 1745 980 1842 gentium
996 1745 1246 1843 predicatione
1260 1745 1375 1819 donti-

315 1883 407 1932 num
423 1874 461 1932 et
474 1875 717 1959 protectorem
730 1873 893 1932 nostrum
905 1859 1051 1932 beatum
1064 1862 1274 1959 Dionysium
1284 1860 1375 1934 obti-

315 1975 476 2064 nuimus,
498 1999 583 2048 urm
611 1976 697 2072 quia
719 1973 890 2073 quioquid
919 1976 954 2047 ei
979 1974 1126 2047 honoris
1150 1991 1186 2049 et
1214 1976 1375 2049 utilitatis

315 2091 550 2180 conferimus,
572 2092 741 2189 quoniam
751 2105 873 2164 nostra
890 2105 957 2181 est,
975 2090 1022 2164 ad
1038 2090 1215 2165 bonorem
1229 2093 1374 2166 etutili·

316 2220 427 2279 tatem
443 2221 603 2278 nostram
616 2205 773 2278 totaliter
787 2205 972 2279 referetur.
987 2205 1188 2278 Claustrum
1197 2207 1373 2306 siquidem

315 2329 471 2401 eoclesiae
503 2327 683 2425 ejusdem,
717 2327 878 2402 officinas
909 2329 946 2400 in
977 2327 1144 2422 claustro,
1182 2344 1218 2404 et
1246 2331 1375 2404 domos

314 2443 458 2517 claustri
474 2467 564 2543 quas
575 2443 708 2517 babent
722 2459 758 2519 et
772 2469 861 2542 quas
872 2443 1009 2518 circum
1027 2446 1222 2519 claustrum
1238 2446 1372 2521 habere

313 2575 496 2658 poterunt,
510 2559 558 2632 ad
571 2559 817 2634 aedificaudunr
832 2561 996 2661 proprias
1009 2561 1163 2635 ecclesiae
1175 2565 1375 2637 mansiones

314 2687 349 2746 et
366 2675 623 2747 canonicorum
639 2675 781 2769 domos,
801 2676 962 2749 libertate
986 2677 1219 2774 irrefragabili
1247 2695 1284 2752 et
1307 2682 1372 2753 inr-

315 2791 490 2862 munitate
503 2792 612 2863 totius
628 2792 821 2864 exactionis
840 2790 1038 2864 donamus:
1063 2817 1130 2865 nec
1145 2791 1195 2865 ibi
1218 2809 1372 2884 tantum,
1441 2829 1447 2840 ·

315 2903 380 2978 sed
406 2904 624 3002 ubicumque
648 2905 839 2980 habuerint
864 2905 993 2978 domos
1018 2931 1117 2996 suas,
1138 2907 1309 3005 quamdiu
1338 2911 1374 2982 in

315 3019 366 3091 eis
384 3019 638 3110 habitaverint,
664 3036 700 3094 et
722 3021 855 3094 domus
875 3037 911 3093 et
932 3046 990 3097 res
1008 3046 1136 3094 corum
1160 3039 1196 3096 et
1222 3025 1375 3123 propriae

316 3136 457 3209 familiae
470 3135 676 3210 liberamus.
702 3139 738 3208 si
757 3153 878 3211 autem
901 3137 947 3210 de
972 3138 1139 3211 manibus
1168 3163 1295 3212 eorum
1328 3138 1374 3211 ad

315 3249 401 3322 alias
429 3275 601 3349 personas
627 3248 847 3341 devenerint,
875 3253 911 3323 in
943 3266 1156 3349 potestatem
1180 3253 1375 3352 judiciariae

315 3367 499 3464 potestatis
513 3364 589 3462 lege
604 3365 696 3439 villae
706 3366 890 3440 redibunt.
911 3371 979 3439 Res
996 3369 1262 3467 oppidanorum
1290 3392 1373 3444 nos·

315 3495 455 3553 trorum
497 3482 553 3554 vel
579 3481 734 3556 aliorum
758 3482 950 3555 bominum
974 3483 1010 3555 in
1048 3483 1217 3556 domibus
1246 3509 1374 3559 eorum

315 3597 412 3669 nulla
427 3598 595 3700 defendet
610 3599 770 3692 libertas,
788 3599 860 3672 boc
875 3615 994 3672 tamen
1012 3598 1088 3691 liet,
1106 3599 1207 3697 quod
1223 3625 1280 3673 res
1289 3602 1374 3674 alio·

315 3737 397 3784 rum
405 3738 473 3811 per
487 3715 636 3788 clericos
653 3717 773 3788 Sancti
791 3715 1066 3813 Paulipotestati
1082 3729 1211 3788 nostrae
1218 3715 1372 3790 redden-

316 3842 384 3900 tur.
411 3829 579 3902 latrones
606 3854 691 3903 suos
721 3829 768 3902 de
797 3829 929 3902 familia
958 3853 1033 3917 sua,
1053 3842 1090 3901 et
1110 3829 1172 3926 qui
1192 3830 1243 3902 eis
1267 3831 1372 3905 furati

314 3939 458 4033 tuerint,
485 3968 613 4018 eorum
643 3945 688 4017 sit
715 3944 763 4017 ad
782 3943 1052 4042 justiciandum.
1087 3945 1265 4040 Fugitivos
1285 3947 1373 4020 alios

315 4061 468 4138 latrones
483 4068 650 4164 potestati
665 4082 797 4140 nostrae
820 4065 994 4140 reddent:
1014 4066 1176 4140 similiter
1206 4083 1242 4141 et
1268 4069 1369 4162 alios,
1492 4104 1499 4117 ·

313 4181 374 4276 qui
403 4180 449 4253 ad
476 4205 540 4254 eos
562 4182 801 4278 confugerint,
830 4207 923 4256 reos.
943 4181 980 4254 Si
1001 4196 1121 4255 autem
1150 4184 1320 4258 intereos
1337 4201 1373 4260 et
1491 4279 1496 4291 .

314 4319 381 4368 nos
398 4299 546 4395 quaestio
561 4297 608 4370 de
622 4298 741 4397 aliqua
755 4323 795 4371 re
811 4299 928 4391 luerit,
939 4297 1039 4397 quod
1053 4297 1170 4374 clerici
1187 4301 1347 4398 poterint
1360 4303 1372 4338 ¹

355 4527 385 4589 l.
399 4527 480 4588 itata
494 4527 620 4607 Brang,
632 4547 702 4604 m,
716 4529 768 4593 tt.
790 4561 831 4577 ·-
850 4531 883 4594 Ξ.
893 4528 1030 4594 Poterant
1043 4525 1113 4596 edit.
1129 4526 1223 4592 tetih.
