3742 5667
459 798 531 855 sun
550 798 619 855 son
639 796 959 857 lnnrutsrnanou
977 800 1195 862 insanias.
1297 792 1355 863 sca

302 924 528 1023 sumpsimus.
557 924 705 1001 Videres
735 950 835 1021 reges
855 939 892 999 et
917 927 1118 1026 principes,
1152 930 1383 1030 multosque,

302 1041 393 1114 viros
417 1044 602 1142 praecelsos
632 1042 831 1116 imitatione
859 1058 982 1117 nostra
1017 1041 1148 1140 digitos
1183 1070 1357 1121 manuum

301 1183 444 1231 suarum
468 1160 675 1252 exanulare,
698 1175 735 1232 et
755 1159 948 1233 anulorum
966 1185 1097 1233 aurum
1122 1174 1159 1233 et
1184 1186 1355 1258 gemmas,

302 1276 575 1375 margaritasque
590 1276 781 1376 preciosas,
800 1275 851 1349 ob
867 1299 1029 1348 amorem
1047 1293 1253 1351 sanctorum
1264 1282 1358 1352 Mar·

301 1405 431 1489 tyrum,
449 1391 567 1465 eidem
575 1392 704 1467 tabulae
715 1390 812 1489 infigi
822 1392 1027 1492 praecipere.
1042 1398 1114 1466 Nec
1122 1396 1240 1469 minus
1249 1397 1359 1470 etiam

300 1508 558 1609 archiepiscopi
585 1524 622 1583 et
652 1508 822 1609 episcopi,
849 1510 946 1609 ipsos
975 1535 1047 1583 suae
1075 1508 1359 1612 desponsationis

299 1624 424 1698 anulos
453 1625 590 1699 ibidem
610 1626 678 1699 snb
706 1639 785 1699 tuto
808 1642 1037 1725 reponentes,
1060 1631 1136 1700 Deo
1161 1644 1199 1702 et
1222 1630 1360 1702 Sanctis

299 1742 371 1839 ejns
390 1740 620 1815 devotissime
636 1740 849 1814 offerebant.
873 1741 1109 1816 Venditorum
1126 1742 1234 1817 etiam
1259 1768 1359 1840 gem·

300 1858 495 1931 maa-iorum
512 1872 610 1929 tanta
625 1856 671 1929 de
688 1856 836 1930 diversis
846 1858 965 1953 regnis
978 1873 1015 1930 et
1029 1858 1362 1933 nationibusadnos

299 1973 403 2046 turba
433 1972 660 2062 confluebat,
697 1988 737 2045 ut
766 1998 839 2045 non
873 1973 956 2073 plus
982 1999 1101 2046 emere
1122 1999 1361 2074 quaereremus

299 2116 405 2187 qnam
421 2089 472 2161 illi
486 2089 642 2163 vendere
658 2089 725 2162 sub
735 2089 1062 2163 amministratione
1080 2090 1246 2163 omnium
1261 2090 1359 2163 lesti-
1394 2175 1396 2178 ,

300 2220 435 2278 nerent.
452 2210 584 2280 Versus
600 2206 709 2280 etiam
724 2204 886 2303 ejusdem
902 2203 1034 2278 tabulae
1043 2206 1082 2278 hi
1099 2222 1183 2280 sunt
1201 2233 1211 2279 ι

373 2442 479 2517 Magne
490 2438 625 2518 Dionysi,
641 2452 739 2519 portas
750 2436 832 2519 aperi
845 2438 990 2516 Paradisi,

414 2530 643 2614 Suggerinmqne
656 2532 711 2611 piis
722 2545 843 2613 protege
855 2529 1009 2614 presidiis.

373 2626 489 2707 Quique
501 2646 605 2687 novam
618 2645 762 2687 cumeum
773 2646 827 2709 per
842 2645 896 2687 nos
909 2623 965 2685 tibi
978 2621 1162 2701 constituisti,

415 2725 448 2781 ln
459 2740 574 2781 camera
586 2719 652 2779 coeli
665 2740 718 2780 uos
730 2720 817 2780 iacias
830 2718 932 2799 recipi,

375 2818 413 2875 llt
422 2836 477 2895 pro
492 2816 638 2895 praesenti,
652 2814 718 2876 coeli
732 2833 829 2873 mensa
843 2812 954 2873 satiari.

415 2908 579 2990 significata
590 2908 681 2988 magis
694 2906 872 2987 significante
884 2904 1011 2984 placent.

344 3122 435 3210 Quia
449 3122 560 3219 igitur
571 3119 804 3194 sacratissima
812 3118 1048 3191 dominorum
1064 3129 1273 3188 nostrorum
1282 3139 1362 3187 cor·

300 3264 384 3337 pora
398 3238 436 3311 in
451 3237 550 3313 volta
564 3238 749 3338 superiore
765 3260 877 3333 quam
889 3232 1047 3306 nobilius
1056 3234 1241 3330 potuimus
1250 3230 1361 3306 locari

300 3358 472 3455 oportuit,
488 3356 645 3454 quadam
658 3354 704 3426 de
718 3350 984 3427 collateralibus
997 3348 1129 3421 tabulis
1149 3346 1361 3420 sanctissimi

301 3497 423 3545 eorum
437 3472 609 3567 sarcofagi
619 3473 796 3543 nescimus
811 3492 883 3566 qna
899 3466 1087 3540 occasione
1105 3477 1241 3562 erepta,
1260 3462 1362 3559 quin·

302 3586 415 3661 decim
448 3612 585 3660 marcas
617 3587 695 3659 auri
716 3582 940 3685 reponendo,
972 3580 1179 3654 ulteriorem
1204 3578 1364 3650 frontem

302 3704 458 3800 ejusdem
473 3718 509 3777 et
528 3718 732 3802 operturam
744 3700 969 3800 superiorem
981 3695 1143 3794 undique
1163 3692 1312 3766 inferius
1326 3704 1362 3762 et

302 3820 461 3918 superius
472 3818 636 3893 deaurari
645 3816 880 3915 quadraginta
899 3814 1013 3885 lerme
1027 3809 1144 3882 unciis
1159 3805 1361 3879 elaboravi·

302 3961 390 4009 mus.
407 3935 550 4009 Tabulis
558 3937 665 4008 etiam
674 3933 813 4031 cupreis
821 3929 984 4003 fusilibus
998 3942 1036 3999 et
1050 3924 1243 4014 deauratis,
1255 3936 1363 4018 atque

302 4052 416 4149 politis
436 4051 617 4151 lapidibus
637 4048 799 4147 impactis
821 4060 973 4145 propter
990 4042 1178 4115 interiores
1204 4036 1364 4138 lapideas

302 4167 423 4257 saltas,
443 4191 585 4239 necnon
602 4180 639 4238 et
663 4165 782 4262 januis
794 4162 973 4236 continuis
991 4158 1038 4233 ad
1051 4155 1228 4231 arcendos
1243 4178 1363 4255 popu·

303 4280 416 4358 lorum
438 4283 627 4375 tumultus,
650 4282 700 4355 ita
722 4296 843 4355 tamen
875 4292 916 4351 ut
941 4274 1162 4351 venerabiles
1185 4296 1360 4373 personae,

305 4397 389 4475 siout
408 4400 583 4493 decuerit,
601 4399 678 4498 ipsa
700 4411 908 4473 sanctornm
929 4418 1125 4493 corporum
1141 4388 1363 4464 continentia

306 4539 382 4586 vasa
403 4540 487 4589 cum
505 4540 634 4613 magna
651 4514 844 4589 devotione
855 4526 893 4587 et
904 4511 1145 4608 lacrymarum
1153 4505 1363 4607 profusione

1197 4632 1237 4689 13
