3742 5667
509 746 566 802 tn
725 741 888 801 moveas
906 725 1118 799 cottntbtsss
1140 740 1188 795 nn
1208 741 1342 801 suom.

507 877 640 950 tissime
651 874 857 975 spopondit.
876 875 938 947 llis
951 874 1056 969 igitur
1072 888 1282 945 exoneratus
1295 887 1331 945 et
1346 874 1412 945 Dei
1431 870 1577 947 iniseri-

507 992 628 1067 cordia
652 990 826 1091 perfusus,
856 988 1054 1061 humillime
1071 990 1169 1061 flexis
1185 987 1335 1085 genibus
1352 1004 1434 1061 ante
1448 1012 1574 1061 sacra·

508 1109 682 1181 tissimum
705 1130 835 1205 corpus
865 1120 900 1178 et
923 1105 1131 1199 sangninem
1159 1105 1304 1177 Domini
1334 1106 1445 1176 nostri
1483 1108 1573 1175 lesu

508 1223 637 1296 Christi
667 1221 743 1319 (qui
759 1222 855 1293 enim
867 1245 951 1291 mox
968 1221 1110 1291 missam
1129 1220 1409 1309 celebraverant,
1429 1220 1516 1293 illuc
1533 1219 1573 1291 ei

508 1363 591 1412 cnm
614 1336 841 1435 processione
866 1335 995 1408 devote
1021 1336 1255 1434 attulerant),
1277 1338 1312 1406 in
1330 1336 1423 1408 hanc
1439 1336 1513 1407 oris
1529 1348 1572 1405 et

508 1453 626 1527 cordis
636 1476 728 1523 verae
745 1466 781 1523 et
803 1450 985 1523 catholicae
995 1451 1225 1524 confessionis
1239 1474 1378 1542 vocem,
1396 1475 1470 1523 non
1487 1466 1572 1523 tan-

508 1594 617 1668 quam
626 1568 821 1656 illiteratus,
837 1566 901 1639 sed
910 1581 1080 1665 tanquam
1094 1566 1365 1640 litteratissimus
1378 1565 1572 1661 theologus

510 1683 688 1782 erumpit:
709 1714 727 1749 «
749 1687 822 1777 Ego
846 1699 1012 1782 peccator
1038 1682 1240 1755 Ludovicus
1263 1682 1436 1755 confiteor
1452 1707 1570 1754 unum

513 1828 530 1866 α
557 1814 593 1870 et
609 1823 733 1871 verum
753 1802 869 1869 Denm
885 1802 1026 1869 Patrem
1043 1813 1079 1871 ct
1095 1797 1223 1869 Filium
1244 1813 1278 1870 et
1294 1798 1468 1897 Spiritum
1484 1822 1569 1869 san-

512 1944 529 1981 «
556 1929 667 2004 ctum,
695 1937 804 1986 tinam
820 1938 862 1984 ex
882 1913 948 1985 hac
963 1916 1264 1986 sauctaTrinitate
1288 1938 1491 2013 personam,
1513 1915 1568 1983 vi·

512 2060 529 2097 α
556 2029 683 2103 delicet
705 2031 927 2127 unigenitum
953 2046 989 2102 et
1005 2029 1343 2103 consubstantialem
1370 2044 1406 2103 et
1421 2045 1569 2103 ooaeter-

513 2170 638 2217 «num
668 2146 735 2216 Dei
769 2147 880 2219 Patris
910 2146 1050 2237 Filium,
1087 2145 1133 2218 de
1161 2146 1395 2219 sacratissima
1423 2147 1569 2242 Virgine

514 2292 531 2327 (ι
557 2262 666 2332 Maria
689 2261 925 2353 incarnatum,
944 2287 1100 2360 passum,
1118 2277 1302 2335 mortuum
1322 2277 1356 2334 et
1371 2261 1566 2361 sepultum,

513 2404 530 2441 α
556 2376 659 2446 tertia
679 2374 737 2448 die
756 2376 1002 2467 resurrexisse,
1027 2377 1135 2449 coelos
1151 2375 1364 2466 ascendisse,
1386 2376 1433 2448 ad
1449 2376 1569 2449 dexte·

514 2520 532 2555 «
557 2514 636 2561 ram
649 2491 715 2562 Dei
730 2491 843 2565 Patris
857 2491 1065 2586 consedere,
1083 2494 1183 2565 vivos
1192 2508 1228 2565 et
1236 2508 1399 2565 mortuos
1407 2508 1568 2565 extremo

513 2633 531 2674 n
557 2620 594 2679 et
617 2630 748 2701 magno
773 2607 911 2704 jndicio
932 2608 1103 2705 judicare.
1135 2613 1235 2681 Hanc
1264 2624 1385 2681 autem
1412 2609 1568 2681 sacratis-

514 2751 532 2789 α
557 2722 637 2793 simi
667 2724 829 2821 corporis
852 2720 943 2819 ejus¹
972 2725 1227 2797 Euclraristiam
1255 2723 1344 2796 illud
1368 2724 1464 2797 idern
1488 2750 1563 2796 cre·

512 2865 530 2905 n
558 2836 677 2908 dimus
685 2861 815 2936 corpus
828 2840 927 2937 quod
935 2854 1157 2939 assumptum
1172 2855 1223 2912 est
1237 2840 1283 2912 de
1297 2840 1452 2936 Virgine,
1467 2838 1567 2936 quod

513 2980 531 3020 α
558 2951 740 3050 discipulis
762 2955 892 3027 suisad
912 2955 1230 3029 confoederandnm
1259 2971 1295 3029 ct
1319 2955 1515 3028 uniendum
1532 2970 1569 3026 ct

514 3098 533 3135 ε(
558 3067 594 3138 in
615 3091 652 3139 sc
667 3070 970 3143 commanendum
987 3072 1217 3144 contradidit.
1245 3076 1348 3142 Hunc
1374 3071 1566 3143 sacratissi-

513 3209 530 3246 ι(
557 3206 659 3255 mum
675 3186 895 3281 sauguinem,
913 3186 1013 3259 illurn
1039 3186 1196 3260 eundem
1221 3186 1284 3284 qui
1302 3186 1349 3259 de
1367 3186 1476 3259 latere
1491 3185 1567 3285 ejus

514 3327 532 3365 α
558 3298 596 3370 in
612 3324 720 3374 cruce
735 3302 925 3399 pendentis
940 3302 1101 3395 defluxit,
1114 3320 1149 3377 et
1166 3304 1368 3377 firmissime
1385 3303 1565 3376 credimus

514 3440 533 3479 α
559 3429 594 3487 et
622 3440 684 3488 ore
716 3431 753 3489 et
778 3418 888 3491 corde
918 3417 1145 3513 confitemur,
1168 3419 1310 3517 hocque
1339 3421 1564 3493 securissimo

514 3558 532 3594 α
558 3528 687 3602 viatico
715 3531 898 3605 decessum
928 3550 1092 3608 nostrum
1118 3535 1263 3626 muniri,
1293 3549 1329 3608 et
1349 3549 1473 3608 contra
1491 3561 1566 3608 om·

513 3671 531 3709 r
558 3668 642 3716 nem
670 3646 801 3721 aeriam
842 3664 1055 3748 potestatem
1101 3652 1294 3724 certissima
1343 3653 1566 3751 protectione

512 3787 532 3827 r
552 3758 695 3835 delendi
708 3780 958 3863 praeoptamus.
973 3770 1219 3841 ”Cumautem
1235 3769 1373 3841 cunctis
1384 3768 1564 3840 admiran-

510 3873 619 3965 tibus,
639 3877 729 3951 sacta
744 3880 902 3979 primum
917 3898 1146 3981 peccatorum
1159 3884 1394 3974 confessione,
1412 3882 1566 3956 devotis-

509 3988 598 4061 sime
615 3995 757 4093 corpori
780 4012 814 4069 et
830 3998 990 4093 sanguini
1003 4004 1084 4071 Jcsu
1106 3999 1237 4071 Christi
1253 3999 1562 4087 communicasset,

509 4118 681 4204 tanquam
705 4109 800 4183 illico
822 4113 1067 4187 convalescere
1094 4116 1283 4214 incipiens,
1308 4114 1353 4187 ad
1383 4140 1562 4189 cameram

511 4219 635 4315 rediit,
659 4226 831 4325 omnique
857 4229 1030 4302 secularis
1060 4230 1235 4330 superbiae
1265 4232 1395 4329 rejecta
1419 4257 1564 4333 pompa,

552 4473 582 4528 l.
596 4475 668 4541 Esus
681 4476 824 4538 omittitur
835 4478 867 4541 in
880 4482 946 4543 cod.
960 4486 1048 4545 6265.
