3742 5667
508 803 565 863 aar
723 805 887 865 ‹nuvaus
907 791 1123 866 counimus
1143 807 1193 863 nr
1214 807 1349 866 soors.

505 937 614 1010 etiam
633 935 793 1034 ejusdem
811 937 912 1026 villar,
934 936 1102 1010 videlicet
1123 953 1269 1010 centum
1287 937 1437 1032 solidos,
1457 955 1521 1013 aut
1536 941 1564 1012 si

503 1052 658 1151 amplior
680 1052 798 1141 luerit,
814 1068 851 1126 et
873 1052 1094 1127 contulimus
1114 1068 1149 1125 et
1171 1068 1342 1154 perpetuo
1362 1069 1565 1129 anatemate

505 1165 795 1240 indissolubiliter
818 1168 1129 1261 confirmavimus3
1159 1167 1228 1242 boc
1257 1184 1376 1242 tamen
1405 1185 1560 1261 retento,

378 1280 385 1293 '
504 1281 772 1380 quodejusdem
784 1283 952 1356 monaehi
974 1283 1163 1356 coenatoris
1177 1281 1564 1360 deliberationeettes·

503 1396 697 1470 tilicatione
706 1397 1403 1473 vinearumnostrarumdeeodemcensu
1410 1390 1561 1492 ibidem,

504 1527 678 1610 quantum
693 1512 739 1585 ad
755 1538 822 1586 nos
837 1515 1004 1610 pertinet,
1023 1513 1190 1586 collectio
1206 1513 1269 1587 stat
1285 1541 1294 1588 r
1322 1515 1495 1588 medietas
1509 1532 1563 1590 et-

504 1629 602 1700 enim
612 1651 847 1726 expensarum
860 1627 907 1700 ad
922 1628 1140 1702 mediatores
1155 1630 1311 1728 pertinet
1329 1631 1528 1705 vinearum.

565 1746 738 1816 Ptmterea
762 1742 933 1844 operibus
961 1745 1100 1842 pietatis
1130 1745 1307 1836 insistere,
1336 1745 1565 1820 infirmorum

504 1882 628 1932 curam
646 1883 768 1954 gerere
791 1859 916 1957 quanti
938 1873 1089 1952 constet,
1114 1884 1179 1934 ore
1197 1861 1434 1936 sacratissimo
1453 1864 1565 1960 ipsius

503 1973 719 2065 audivimus,
741 1975 802 2073 qui
827 1973 989 2048 dicturus
1005 1989 1058 2048 est
1079 1975 1117 2046 in
1140 1974 1201 2047 illa
1225 1974 1414 2048 universali
1432 1991 1468 2049 et
1495 1976 1563 2072 ad·

503 2088 662 2161 mirabili
682 2088 890 2162 auditione:
916 2092 1086 2185 Infirmus
1102 2091 1163 2188 sui
1176 2105 1213 2162 et
1231 2093 1398 2164 visitastis
1419 2095 1505 2182 Μ’,
1526 2106 1567 2164 et

502 2204 683 2279 contraria
705 2204 905 2276 contrariis.
934 2203 1043 2293 Quod
1072 2218 1193 2276 autem
1213 2204 1260 2277 ad
1277 2204 1442 2305 praelatos
1456 2207 1568 2305 potis·

503 2319 636 2392 simum
653 2334 788 2418 spectet
802 2317 1022 2392 enucleatius
1037 2317 1195 2409 edocuit,
1214 2321 1277 2419 qui
1299 2345 1407 2394 ovem
1424 2321 1566 2395 morbi-

503 2431 588 2506 dam
605 2434 651 2507 ad
666 2459 808 2532 gregem
825 2436 863 2508 in
884 2433 1043 2508 humeris
1062 2437 1270 2534 reportavit.
1291 2441 1367 2510 Hac
1385 2437 1565 2538 siquidem

503 2551 741 2626 sollicitudine
764 2553 881 2627 votiva
905 2553 1121 2650 angariatus,
1149 2553 1274 2627 tratres
1309 2554 1417 2652 hujus
1437 2554 1564 2628 minis·

505 2667 585 2739 terii
607 2667 789 2760 officiales,
819 2684 893 2741 tam
917 2685 1105 2768 praesentes
1127 2692 1240 2766 quam
1265 2693 1505 2762 successuros,
1526 2671 1564 2742 in

502 2781 573 2856 boc
588 2782 666 2882 ipso
683 2785 831 2858 vicarios
846 2798 1001 2876 nostros,
1027 2784 1239 2857 auctoritate
1260 2785 1327 2858 Dei
1353 2809 1563 2859 commone·

502 2922 584 2970 mus
601 2913 637 2971 et
653 2901 879 3000 praecipimus
912 2915 1089 2999 quatenus
1111 2899 1297 3000 hylariter,
1324 2901 1383 2999 pie
1400 2915 1436 2972 et
1464 2925 1567 2974 mau-

502 3028 615 3104 suete,
634 3014 802 3089 fratribus
815 3015 1081 3113 egrotantibus,
1101 3016 1259 3110 senibus,
1278 3015 1566 3116 quibuscumque

503 3127 696 3220 debilibus,
711 3130 910 3204 secundum
919 3131 1076 3204 diversas
1086 3131 1309 3206 infirmitates
1322 3131 1471 3205 diversis
1484 3131 1565 3204 illo-

503 3269 587 3316 rum
598 3246 815 3346 appetitibus
829 3246 1120 3322 condescendant
1131 3263 1167 3320 et
1177 3248 1380 3322 ministrent
1393 3263 1566 3346 tanquam

503 3361 638 3456 angelis
658 3364 746 3455 Dei;
764 3365 936 3462 quoniam
961 3364 1114 3438 charitas
1129 3379 1183 3436 est
1202 3386 1342 3436 summa
1360 3363 1567 3436 monastices

503 3477 710 3573 religionis:
730 3493 767 3551 et
788 3479 844 3551 his
859 3477 1005 3578 quidem
1027 3479 1161 3578 primo,
1180 3477 1243 3552 sed
1257 3479 1378 3551 animo
1399 3501 1473 3550 uno
1494 3476 1566 3548 illis

503 3590 685 3666 ordinarie
706 3594 882 3685 serviant,
911 3595 975 3692 qui
1003 3617 1230 3693 quacumque
1261 3593 1307 3668 de
1332 3617 1437 3667 musa
1462 3599 1565 3690 jussu

503 3708 661 3781 custodis
690 3709 834 3782 Ordinis
863 3711 901 3782 iu
925 3708 1096 3783 domibus
1122 3709 1351 3783 infirmorum
1373 3708 1562 3798 cesserint,

503 3823 669 3897 videlicet
690 3849 763 3898 uuo
792 3825 926 3898 laculo
957 3825 994 3898 iu
1024 3825 1125 3897 omni
1151 3846 1289 3916 mensa,
1319 3838 1448 3923 praeter
1475 3819 1565 3895 illud

503 3939 602 4036 quod
634 3941 684 4012 eis
711 3966 734 4013 a
760 3941 949 4014 refectorio
972 3940 1235 4040 deportabitur.
1275 3945 1321 4014 Ut
1344 3953 1466 4012 autem
1493 3937 1565 4010 boc

501 4055 614 4151 possit
631 4079 775 4153 semper
793 4055 1009 4146 continuari,
1033 4057 1188 4154 antiquis
1210 4054 1371 4153 ejusdem
1393 4052 1563 4152 preposi-

505 4183 592 4242 turae
624 4168 825 4244 redditibus
855 4195 914 4244 sex
945 4168 1054 4245 libras
1082 4170 1301 4260 addidimus,
1323 4193 1415 4268 quos
1439 4167 1563 4240 labore

505 4300 629 4359 nostro
645 4285 682 4359 in
697 4286 816 4384 burgo
830 4286 1102 4386 adquisivimus,
1121 4311 1196 4360 non
1215 4285 1335 4384 laquio
1354 4283 1451 4359 melo
1470 4283 1562 4380 inge

545 4539 575 4596 l.
589 4534 691 4596 llatth.
705 4555 822 4619 evang„
839 4557 909 4614 xxv,
923 4540 972 4600 36.
