3742 5667
493 778 554 833 aso
710 772 875 831 muvnas
894 756 1109 832 courtutas
1127 772 1179 828 nu
1199 772 1333 831 suem.

492 903 598 979 nobis
614 904 842 996 contradidit,
861 928 953 1002 quos
974 904 1119 977 infesto
1140 906 1253 977 sancti
1280 904 1548 981 bartholomaei¹

492 1022 539 1096 ad
558 1020 710 1095 eandem
728 1020 911 1093 ecclesiam
926 1021 1134 1093 solemniter
1149 1046 1233 1093 cum
1248 1022 1343 1095 clero
1359 1038 1395 1095 et
1414 1024 1551 1123 populo

491 1138 640 1213 civitatis
658 1136 879 1227 induximus,
910 1151 945 1208 et
971 1135 1164 1209 venerabili
1190 1137 1363 1210 Meldensi
1381 1141 1553 1239 episcopo

492 1258 574 1346 M.¹,
609 1278 718 1352 quem
750 1250 940 1323 nobiscnm
975 1252 1030 1324 his
1059 1251 1223 1349 agendis⁸
1262 1278 1548 1353 susceperamus,

493 1370 620 1444 eadem
643 1370 702 1442 die
732 1392 855 1442 coram
878 1368 982 1443 altari
1004 1372 1142 1444 Sancte
1162 1369 1353 1443 Geuovefae
1380 1370 1552 1445 abbatem

492 1486 657 1561 benedici
680 1485 904 1577 solemniter,
931 1485 1129 1583 opitulante
1146 1486 1340 1559 Sanctitate
1358 1503 1488 1580 vestra,
1504 1490 1554 1562 fe·

492 1602 617 1673 cimus.
634 1600 747 1672 Finita
770 1624 854 1672 vero
875 1599 1038 1698 ejusdem
1057 1600 1168 1673 officii
1191 1601 1310 1692 missa,
1337 1601 1550 1696 claustrum,

492 1717 689 1817 capitulum
717 1731 753 1788 et
776 1715 1007 1789 refectorium
1026 1718 1077 1789 eis
1102 1716 1396 1810 detiberavimus3
1422 1719 1553 1819 dieque

493 1848 676 1933 sequente,
694 1832 863 1929 regalium
877 1857 920 1905 ex
941 1850 1042 1932 parte
1058 1832 1197 1906 domini
1211 1834 1322 1929 regis,
1341 1836 1444 1933 cujus
1459 1837 1554 1909 vices

492 1952 641 2048 agimus,
666 1962 878 2048 potestatem
900 1950 1136 2039 contulimus,
1160 1948 1369 2025 fidelitatem
1392 1952 1554 2025 virorum

492 2068 539 2139 ad
552 2092 615 2139 eos
627 2064 884 2165 pertinentium
897 2080 933 2139 et
942 2068 1146 2165 juramenta
1163 2067 1395 2140 securitatum
1410 2068 1461 2140 eis
1475 2066 1555 2141 fieri

494 2184 654 2256 fecimus.

541 2303 752 2398 Eapropter,
771 2302 875 2371 'Pater
891 2298 1123 2388 sanctissime,
1139 2299 1317 2372 actionem
1333 2299 1437 2372 nobis
1452 2324 1554 2374 com·

492 2415 589 2485 missi
611 2413 742 2508 negotii
762 2412 971 2485 Celsitudini
982 2428 1108 2485 vestrae
1126 2415 1334 2487 summatim
1355 2414 1556 2513 significare

494 2528 639 2625 dignum
655 2527 833 2620 duximus,
852 2543 893 2599 ut
908 2544 946 2601 et
960 2528 1060 2602 vobis
1076 2529 1178 2628 quod
1190 2532 1405 2629 praecepistis
1421 2531 1556 2605 factum

494 2668 569 2716 esse
591 2644 739 2741 placeat,
765 2658 802 2717 et
823 2667 932 2741 quam
951 2658 1119 2743 prompta
1135 2645 1180 2716 sit
1197 2646 1353 2743 parvitas
1368 2662 1493 2719 nostra
1507 2646 1557 2722 ad

494 2759 706 2833 obedientiae
719 2773 841 2831 vestrae
854 2759 1091 2858 expletionem
1107 2762 1317 2834 innotescat.
1338 2764 1392 2833 De
1408 2778 1554 2857 caetero,

494 2876 605 2949 sancti
636 2874 860 2975 apostolatus
886 2877 996 2949 vestri
1020 2875 1167 2972 genibus
1192 2876 1372 2974 provoluti
1401 2880 1554 2976 spiritu,

495 2989 641 3082 obnixe,
661 2991 809 3064 subnixe
829 2991 1082 3091 supplicamus,
1101 3016 1192 3090 opus
1213 2991 1285 3065 hoc
1303 3018 1477 3067 manuum
1492 3021 1556 3068 ve·

494 3122 649 3180 stratum
665 3122 896 3180 manutenere
908 3122 943 3179 et
956 3122 1156 3206 protegere,
1168 3107 1327 3203 gladium
1340 3111 1453 3183 sancti
1461 3112 1557 3184 Petri

494 3236 618 3294 contra
646 3246 792 3294 omnem
817 3221 1024 3295 aemulorum
1051 3223 1360 3322 importunitatem
1392 3228 1557 3299 cominus

494 3338 696 3433 evaginare,
718 3338 998 3436 appellationum
1028 3362 1174 3436 quoque
1200 3338 1396 3430 molestias,
1424 3340 1557 3438 quibus

494 3454 649 3550 quietem
675 3478 801 3525 eorum
811 3454 943 3551 jugiter
959 3453 1148 3527 indiscrete
1162 3455 1426 3553 perturbarent,
1448 3459 1555 3530 mise·

493 3569 695 3660 ricorditer,
712 3571 740 3641 si
752 3569 879 3669 placet,
890 3569 1095 3669 prohibere,
1107 3570 1259 3643 eandem
1274 3571 1458 3645 ecclesiam
1475 3576 1554 3647 Deo

495 3685 720 3777 innovatam,
737 3700 908 3785 tanquam
927 3711 1059 3758 novam
1076 3686 1249 3785 plantam,
1265 3686 1382 3759 donec
1396 3686 1555 3760 radicata

495 3798 614 3889 luerit,
635 3798 763 3873 crebra
780 3804 1033 3900 propagatione
1049 3802 1252 3875 extendere.
1278 3801 1418 3890 Quibus
1440 3804 1556 3875 omni·
1652 3867 1658 3885 ,

495 3912 561 3985 bus
582 3914 775 3987 maximum
794 3917 926 4014 poterit
941 3931 1106 4014 praestare
1119 3917 1346 4013 suffragium,
1370 3919 1411 4006 si,
1428 3943 1555 4016 quem·

495 4026 693 4101 admodum
714 4032 908 4130 incoeptum
933 4047 999 4123 est,
1024 4033 1062 4103 in
1085 4032 1210 4105 eadem
1234 4033 1381 4105 ecclesia
1400 4033 1555 4133 plenitu-

497 4143 617 4216 dinem
639 4144 766 4232 officii,
795 4146 994 4219 secundum
1025 4145 1311 4219 observationem
1343 4148 1479 4220 ordinis
1501 4148 1556 4220 sui

539 4404 568 4459 l.
586 4398 641 4459 Dic
653 4404 692 4460 24
704 4402 829 4479 augusti.
847 4434 886 4447 —
899 4406 930 4463 2.
949 4406 1091 4463 Manasse.

538 4498 566 4553 3.
583 4496 637 4553 His
647 4498 766 4574 agendis
784 4494 853 4556 edit.
870 4496 976 4558 Chesu.
987 4530 1026 4541 ·-
1040 4502 1076 4556 ln
1088 4500 1205 4575 agendis
1220 4496 1292 4558 edit.
1307 4496 1456 4560 Benediet.
