3742 5667
466 804 515 859 Dll
534 803 582 861 LA
603 800 883 861 CONSECRATION
904 804 953 861 Dll
975 802 1215 861 satur-neuls.
1315 804 1374 860 233

314 931 514 1024 nobilibus,
544 946 579 1005 et
611 932 777 1029 gregariis
804 930 959 1005 militum
988 947 1026 1005 et
1049 931 1211 1030 peditum
1232 934 1372 1025 turmis,

316 1050 414 1123 nulla
427 1049 586 1149 suppetit
602 1048 839 1148 computatio.
860 1049 1220 1146 Archiepisooporum
1236 1074 1323 1122 vero
1340 1065 1377 1125 et

241 1208 246 1217 ·
316 1167 571 1265 episcoporum
580 1165 817 1239 assistentium
833 1165 909 1239 haec
923 1164 1101 1239 intitulata
1111 1180 1194 1237 sunt
1204 1166 1372 1240 nomina:

316 1284 466 1355 Samson
483 1282 666 1355 Remensis
681 1282 982 1381 archiepiscopus,
998 1284 1101 1377 Hugo
1117 1280 1377 1377 Rothomagen·

317 1399 364 1470 sis
393 1398 694 1496 archiepiscopus,
710 1396 845 1470 Guido¹
868 1401 1052 1470 Senonum
1074 1395 1374 1495 archiepiscopus,

316 1512 543 1587 Theobaldus
564 1514 824 1586 Cantuariensis
846 1513 1146 1612 archiepiscopus,
1172 1512 1372 1585 Gausredus

317 1631 464 1703 Carnoti
495 1630 702 1727 episcopus,
733 1628 897 1702 Joslenus
926 1633 1136 1702 Suessorum
1162 1611 1372 1727 episcopus,

317 1746 441 1819 Simon
477 1744 643 1817 Noviomi
670 1744 891 1842 episcopus,
931 1745 1022 1816 Elias
1066 1743 1262 1816 Aurelianis
1303 1745 1377 1842 epi·

318 1886 467 1959 scopus,
501 1860 583 1933 Odo
605 1861 746 1933 Belvaci
777 1860 979 1959 episcopus,
1013 1864 1115 1956 Hugo
1140 1848 1374 1932 Autissiodori

319 1978 522 2075 episcopus,
556 1975 693 2049 dlvisus
720 1975 877 2049 Atrebati
895 1975 1108 2075 episcopus,
1128 1974 1248 2048 Gnido
1273 1978 1376 2050 Cata-

317 2094 430 2165 launis
457 2094 657 2192 episcopus,
688 2093 832 2189 Algarus
857 2094 1148 2165 Constantiam
1174 2093 1375 2191 episcopus,

317 2214 490 2283 Rotrocus
504 2210 731 2284 Ehroicensis
747 2210 950 2308 episcopus,
969 2208 1055 2281 Milo
1063 2210 1296 2282 'teruanensis
1306 2212 1378 2308 epi-

316 2348 457 2423 scopus,
476 2328 656 2399 Manasses
674 2324 799 2398 Meldis
811 2325 1013 2424 episcopus,
1029 2329 1153 2397 Petrus
1169 2324 1378 2398 Silvanectis

316 2442 517 2541 episcopus.
555 2442 625 2529 Qui
653 2466 779 2513 omnes
813 2465 897 2514 cum
931 2440 1083 2537 gloriose
1118 2466 1160 2513 ex
1189 2441 1378 2514 altioribus

316 2556 469 2629 ecclcsiae
487 2581 556 2628 suae
571 2556 734 2656 personis
751 2580 819 2654 pro
837 2570 935 2629 tanta
955 2571 1081 2629 ettam
1100 2556 1215 2630 nobili
1236 2558 1377 2630 actione

317 2687 413 2744 tanto
427 2672 630 2771 spectaculo
644 2673 884 2761 accessissent,
897 2673 1106 2746 interiorem
1116 2673 1245 2745 mentis
1256 2688 1292 2746 et
1300 2698 1379 2745 cor·

317 2788 412 2887 poris
427 2788 666 2861 intentionem
688 2788 805 2862 cultus
823 2804 859 2861 et
879 2788 1026 2862 habitus
1043 2790 1197 2862 exterior
1217 2788 1379 2885 designa-

320 2905 380 2975 vit.
409 2908 483 2977 Nos
502 2919 623 2978 autem
646 2930 721 2977 non
751 2907 907 2977 tantum'
931 2903 1167 2977 exterioribus
1194 2904 1257 3002 (ea
1280 2905 1378 2977 enim

316 3018 504 3093 affluenter
532 3020 608 3093 sine
625 3020 769 3119 querela
800 3021 961 3094 exhiheri
988 3020 1299 3120 praeceperamus),
1318 3020 1378 3091 die

317 3133 456 3208 sabbati
468 3136 647 3234 proxima,
659 3139 875 3209 Sanctorum
885 3159 1039 3234 corpora
1053 3133 1099 3207 de
1115 3136 1188 3207 suis
1199 3159 1378 3207 assumen-

317 3264 367 3323 tes
384 3251 567 3339 oratoriis,
585 3274 629 3322 ex
645 3249 907 3323 consuetudine
921 3252 958 3322 in
984 3250 1137 3349 palliatis
1154 3250 1318 3323 tentoriis
1339 3251 1377 3322 in

317 3368 409 3438 exitu
425 3365 527 3438 chori
539 3365 789 3439 decentissime
805 3366 1017 3464 reponendo
1036 3366 1246 3439 locavimus.
1260 3368 1375 3438 Sacra·

317 3481 484 3553 mentalis
516 3482 796 3555 consecrationis
818 3482 1056 3555 instrumenta
1083 3482 1212 3555 devote
1237 3496 1378 3554 tantum

317 3594 487 3690 gaudium
504 3596 750 3695 praestolantes
757 3596 1059 3696 praeparabamus,
1068 3622 1142 3695 quo
1151 3598 1287 3669 intenta
1301 3612 1379 3667 tan·

319 3724 437 3785 tarum
467 3736 715 3810 personarum,
748 3727 823 3784 tam
853 3730 975 3785 sancta
1002 3712 1167 3813 expedite
1189 3712 1376 3785 ecclesiam

320 3827 412 3901 intus
429 3841 466 3901 et
479 3843 578 3901 extra
595 3830 807 3926 perlustrare
830 3843 950 3929 posset
964 3830 1159 3929 processio,
1181 3854 1378 3931 compone·

320 3942 458 4017 bamus.
474 3944 578 4018 Unde
593 3969 678 4017 cum
693 3944 889 4041 gloriosum
911 3961 947 4017 et
962 3944 1209 4019 humillimum
1225 3952 1377 4019 Franco·

322 4083 399 4131 rum
426 4086 546 4157 regern
573 4060 794 4133 ludovicum
819 4076 858 4133 ut
878 4085 942 4159 per
964 4062 1156 4159 optimates
1177 4077 1215 4133 et
1238 4057 1377 4133 nobiles
1457 4113 1462 4124 .

323 4200 403 4249 suos
411 4176 457 4248 ab
468 4176 544 4276 ipsa
553 4177 781 4275 processione
790 4176 998 4251 obviantem
1007 4192 1149 4251 arceret
1159 4175 1302 4250 turbam
1313 4174 1380 4246 hu-

359 4423 391 4482 l.
403 4418 524 4499 Corrige
538 4426 620 4501 Hugo
634 4418 780 4501 (Bened.).

359 4515 391 4575 Β.
406 4514 515 4594 Supple
529 4521 631 4573 intenti
643 4512 793 4595 (bened).
