3742 5667
787 752 958 811 tamnus.
1344 759 1402 817 233

346 907 449 953 mum
468 894 575 973 extat,
594 908 668 981 quo
688 881 733 955 ad
758 906 904 953 omnem
926 882 1172 957 indifferenter
1192 884 1405 962 obedientiae
1519 921 1524 932 ·

346 996 609 1095 plenitudinem
630 999 852 1086 animamur,
874 1021 948 1094 quo
968 996 1014 1068 ad
1035 998 1200 1071 omnium
1221 1003 1406 1076 mandato·

350 1139 431 1186 rum
449 1128 651 1187 vestrorum
672 1114 917 1186 executionem
940 1138 1007 1211 pro
1030 1128 1107 1187 toto
1130 1139 1234 1215 posse
1254 1132 1328 1190 tam
1346 1121 1405 1218 pie

348 1254 457 1327 quam
478 1230 648 1302 audacter
663 1229 892 1326 accingimur.
914 1232 1006 1301 Sane
1031 1230 1129 1327 quod
1151 1256 1224 1329 prae
1240 1234 1405 1308 manibus

349 1334 401 1419 est
416 1348 554 1418 Sanctae
567 1345 757 1418 Genovefae
780 1345 977 1441 negotium,
996 1368 1088 1443 opus
1111 1344 1297 1440 divinum,
1315 1373 1407 1448 opus

349 1459 908 1561 sanctum,opusquodoperatus
920 1463 1217 1560 estDeuspervos
1230 1465 1267 1536 iu
1279 1464 1405 1539 diebus

349 1580 491 1668 nostris,
501 1578 689 1649 miserrimi
698 1575 748 1648 illi
762 1573 950 1665 seculares,
960 1600 1032 1647 non
1043 1592 1117 1649 tam
1125 1580 1288 1652 canonici
1296 1605 1405 1677 quam

349 1708 477 1765 sanctae
493 1692 682 1765 Genovefae
694 1705 949 1790 persecutores,
957 1692 1054 1789 apud
1070 1718 1135 1765 nos
1145 1694 1319 1792 impedire
1330 1722 1404 1769 non

350 1807 520 1900 valentes,
539 1808 747 1881 catervatim
760 1803 909 1878 Romam
924 1823 1156 1907 properantes
1171 1809 1356 1903 festinant3
1375 1813 1403 1885 si

350 1923 442 1995 forte
463 1946 692 2021 quacumque
713 1922 913 2014 occasione,
933 1947 1164 2021 quocumque
1181 1924 1322 2023 pietatis
1341 1927 1407 2000 ho-

350 2055 452 2112 nesto
468 2054 531 2112 aut
546 2039 738 2111 inhonesto
754 2037 881 2125 modo,
892 2040 988 2111 Petri
1002 2042 1238 2113 constantiam
1245 2066 1402 2137 movere,

349 2156 486 2227 curiam
508 2178 695 2227 romanam
712 2152 946 2253 petitionibus
966 2154 1130 2249 flectere,
1161 2157 1351 2231 familiares
1370 2175 1407 2232 et

350 2295 412 2369 per
431 2270 623 2343 familiares
640 2269 729 2341 alios
751 2269 927 2368 decipere,
953 2295 1020 2369 pro
1042 2273 1125 2365 vita,
1144 2296 1212 2369 pro
1227 2273 1403 2367 moribus,

351 2411 469 2483 prore
489 2384 654 2457 familiari
676 2384 931 2482 qualicumque
958 2409 1004 2457 ue
1029 2401 1201 2480 mutetur,
1224 2402 1301 2461 toto
1325 2391 1405 2462 nisu

350 2500 459 2572 animi
477 2516 512 2572 et
526 2502 685 2599 corporis
701 2500 903 2572 innitentes.
920 2504 1054 2573 Verum
1066 2502 1150 2599 quia
1166 2526 1270 2575 causa
1285 2505 1405 2577 Eccle-

351 2618 406 2688 siae
421 2640 526 2688 causa
544 2617 611 2688 Dei
628 2630 695 2705 est,
713 2618 817 2687 Petro
840 2630 876 2687 et
900 2615 993 2687 Petri
1013 2616 1146 2689 vicario
1172 2642 1236 2716 per
1261 2622 1405 2691 Petmm

350 2730 786 2821 commissa‚.confidimus
802 2730 839 2801 in
855 2731 1015 2802 Domino
1031 2735 1128 2822 lesu,
1145 2732 1231 2828 quia
1248 2732 1323 2831 ipsc
1342 2737 1406 2832 qui

350 2848 456 2943 coepit
468 2846 714 2945 perficiet,nec
729 2860 901 2943 poterunt
917 2846 984 2917 viri
1000 2845 1198 2920 offensores
1213 2849 1280 2918 Dei
1296 2862 1328 2919 et
1350 2851 1403 2923 sui

349 2962 551 3062 proditores
582 2961 750 3035 adversus
766 2962 975 3058 religionem
991 2962 1028 3034 iu
1049 2962 1148 3034 curia
1164 2962 1305 3060 capitali
1321 2964 1404 3036 reli.

349 3079 462 3174 gionis
478 3079 680 3179 praevalere.
701 3079 771 3167 Qui
789 3103 899 3176 quam
914 3076 1103 3151 indiscrete
1119 3093 1155 3150 et
1169 3078 1406 3153 irreverenter

348 3208 471 3266 contra
493 3209 711 3294 preceptum
732 3208 890 3267 vestrum
912 3218 950 3266 se
967 3192 1171 3284 habuerint,
1198 3209 1322 3268 vestrae
1342 3200 1405 3268 Pa·

349 3312 506 3383 ternitati
520 3310 718 3407 significare
734 3310 881 3407 dignum
897 3309 1077 3382 duximus.

310 3464 312 3469 .
394 3427 591 3499 Thesauros
612 3452 703 3524 quos
727 3426 829 3498 nobis
848 3424 1061 3525 praecepistis
1080 3427 1256 3522 assignare
1285 3424 1406 3498 ahhati

348 3556 384 3615 et
398 3544 582 3616 canonicis
599 3541 839 3638 regularibus,
867 3540 1035 3614 audiente
1056 3541 1321 3640 archiepiscopo
1343 3546 1407 3614 Re·

348 3654 481 3731 mensi'
500 3672 536 3731 et
556 3658 723 3757 episcopo
744 3657 1019 3748 Suessionensi¹,
1041 3672 1078 3728 et
1097 3656 1173 3729 aliis
1193 3656 1408 3755 quampluri·

348 3775 416 3846 mis
437 3773 609 3869 religiosis
629 3773 808 3871 personis,
830 3795 873 3843 ex
900 3786 1002 3870 parte
1024 3786 1153 3859 vestra,
1179 3770 1408 3843 ostendentes

349 3888 466 3962 literas
484 3887 730 3987 praeceptionis
744 3901 881 3979 vestrae,
906 3886 1098 3983 exegimus.
1126 3887 1197 3975 Qui
1221 3887 1408 3984 iniquitate

349 4006 513 4097 involuti,
527 4004 684 4101 nequitia
698 4003 878 4093 excaecati,
898 4027 966 4075 nec
979 4002 1164 4074 thesauros
1180 4002 1303 4074 furtim
1320 4001 1408 4074 suh·

350 4121 453 4213 latos,
473 4118 639 4192 videlicet
661 4118 934 4216 quatuordecim
959 4142 1096 4191 marcas
1120 4118 1211 4212 auri,
1232 4132 1272 4190 ut
1291 4118 1404 4209 aiunt,

350 4236 395 4308 de
416 4237 547 4309 feretro
572 4248 701 4359 sapctae
724 4234 926 4325 Genovefae‚
948 4258 1016 4307 nec
1038 4232 1204 4331 reliquias
1230 4233 1403 4331 ejusdem,

390 4487 420 4545 t.
443 4485 591 4543 samsone.
613 4513 652 4528 -
673 4482 705 4542 2.
719 4480 856 4544 Gosleuo.
