3742 5667
600 748 661 806 vta
676 747 725 805 DE
746 748 858 809 Loms
878 749 925 806 LE
947 749 1057 810 GROS.
1306 759 1346 815 15

276 877 413 976 judicio
426 849 559 977 exequi
572 880 739 972 noluerit,
758 905 833 954 non
846 895 966 954 tentus
989 880 1228 979 (nequeenim
1243 887 1348 956 Fran-

281 1019 407 1066 corum
423 1019 506 1070 mos
523 997 606 1095 est),
624 997 688 1070 sed
703 997 885 1090 recedens,
909 997 998 1096 quid
1014 997 1248 1098 incommodi,
1257 1000 1348 1097 quid

281 1109 494 1186 calamitatis
522 1138 546 1186 a
574 1114 669 1210 regia
699 1114 883 1212 majestate
909 1113 1134 1188 subditorum
1168 1131 1348 1189 mereatur

280 1225 527 1300 contumacia¹
543 1226 749 1302 festinanter
768 1225 1034 1300 animadvertit.
1059 1227 1170 1301 Movit
1190 1250 1347 1326 namque

282 1341 460 1414 famosus¹
470 1342 614 1443 juvenis
634 1341 730 1414 illico
754 1366 855 1414 arma
877 1342 914 1414 in
936 1365 1020 1415 eum
1040 1345 1133 1416 etin
1154 1345 1348 1444 complices

281 1455 358 1551 ejus
371 1455 638 1530 confoederatos
654 1457 805 1556 (quippe
820 1455 1027 1530 Matthaeum
1038 1457 1348 1532 Bellimontensem

281 1572 457 1644 comitem
484 1588 520 1646 et
556 1576 763 1669 Drogonem
793 1573 1079 1646 Monciacensem
1089 1575 1112 1664 ⁸,
1136 1574 1232 1648 viros
1258 1591 1347 1649 stre·

283 1711 376 1760 nuos
405 1704 444 1762 et
469 1687 659 1762 belticosos
689 1689 891 1787 asciverat),
914 1703 1050 1762 terram
1079 1689 1239 1786 ejusdem
1260 1696 1347 1765 Bur·

283 1803 427 1878 cbardi‘
460 1805 704 1905 depopulans,
743 1804 940 1903 municipia
974 1819 1011 1877 et
1039 1807 1196 1880 incurtes
1223 1823 1350 1906 praeter

282 1934 444 1992 castrum
473 1921 686 1994 subvertens
711 1919 980 2019 pessumdedit,
1005 1918 1195 2014 incendio,
1234 1924 1346 2016 fame,

283 2035 402 2132 gladio
427 2038 609 2110 contrivit.
632 2041 795 2135 Cumque
817 2036 864 2110 de
887 2052 1003 2110 castro
1027 2038 1189 2112 resistere
1215 2041 1351 2138 pariter

285 2152 541 2245 inniterentur,
569 2150 756 2226 obsidione
782 2157 999 2225 Francorum
1022 2169 1058 2225 et
1079 2153 1350 2228 Flandrensium

286 2267 451 2340 Roberti⁸
477 2267 647 2342 avunculi
672 2285 708 2341 et
733 2293 884 2342 suorum
910 2285 1069 2342 castrum
1088 2268 1211 2345 cinxit.
1236 2274 1299 2344 His
1314 2287 1351 2344 et

285 2384 359 2456 aliis
380 2385 646 2458 contritionum
666 2384 876 2457 verberibus
897 2385 1143 2480 humiliatum,
1171 2386 1351 2460 voluntati

287 2498 557 2600 etbeneplacito
570 2527 636 2574 suo
649 2502 823 2592 curvavit,
836 2516 871 2576 et
886 2503 1083 2600 quereiam,
1098 2504 1351 2578 commotionis

287 2639 445 2709 musam,
469 2641 555 2688 cum
572 2617 812 2689 satisfactione
835 2618 1010 2715 pacavit⁴.
1031 2624 1236 2715 Drogonem
1265 2643 1352 2692 vero

287 2733 588 2824 Monciacensem,
606 2759 674 2832 pro
700 2733 756 2804 his
781 2747 817 2805 et
842 2732 934 2825 aliis,
949 2749 986 2808 et
1013 2736 1168 2808 maxime
1195 2735 1352 2810 eeclesiae

288 2847 491 2922 Belvacensi
515 2849 676 2944 irrogatis
700 2848 851 2946 injuriis,
874 2873 1070 2946 aggressus,
1094 2852 1230 2925 cumei
1252 2866 1352 2924 extra

288 2977 444 3037 castrum
457 2962 557 3036 haud
571 2963 710 3063 procui,
731 2979 772 3036 ut
783 2965 958 3056 breviori,
971 2967 1001 3037 si
1017 2967 1169 3059 confert,
1190 2965 1352 3064 regrede-

287 3095 383 3154 retur
409 3082 508 3178 fuga,
534 3105 618 3152 cum
647 3105 775 3178 magna
803 3079 949 3153 militari
976 3083 1152 3178 sagittaria
1181 3107 1288 3156 manu
1315 3097 1351 3155 et

288 3193 466 3270 balistaria
483 3195 674 3290 obviasset,
693 3198 833 3269 irruens
848 3196 885 3268 in
903 3221 1000 3288 eum,
1015 3196 1254 3291 retrocedere,
1273 3223 1350 3270 cas-

291 3326 459 3411 trumque
490 3313 630 3409 ingredi
665 3335 852 3384 armorum
891 3312 1123 3411 oppressione
1153 3312 1289 3413 absque
1314 3338 1351 3386 se

290 3453 362 3502 non
389 3430 582 3528 permisit:
602 3427 665 3501 sed
687 3429 826 3499 irruens
848 3429 944 3500 inter
965 3451 1028 3499 eos
1048 3443 1085 3500 et
1109 3430 1259 3501 cumeis
1286 3453 1352 3526 per

288 3561 446 3643 portam,
468 3562 511 3619 ut
534 3561 610 3618 erat
642 3543 856 3616 fortissimus
869 3541 1059 3642 palaestrita
1084 3559 1121 3616 et
1150 3543 1351 3644 spectabilis

289 3660 478 3756 gladiator,
501 3662 538 3734 in
559 3659 681 3734 medio
697 3658 803 3732 castri
819 3673 856 3734 et
871 3657 999 3731 crebro
1020 3683 1214 3757 percussus
1230 3674 1345 3732 etcre·

332 3845 361 3900 1.
383 3839 598 3910 Contumeliam,
614 3837 761 3913 mendose,
775 3840 835 3898 135
846 3848 875 3897 et
888 3836 935 3898 ed.
949 3837 1050 3901 Germ.

330 3939 361 3996 2.
381 3941 527 4006 Fumosae,
540 3951 594 4013 pro
605 3934 743 4010 santones,
759 3933 825 3993 cod.
844 3935 914 3996 513.
926 3963 969 3976 -
979 3937 1130 3993 Formosus
1144 3934 1204 3992 135
1219 3944 1249 3993 et
1261 3933 1330 3994 edd.

332 4035 364 4090 3.
382 4033 608 4088 Mantiacensem
623 4030 735 4086 5ta.-
747 4029 979 4085 Muneiacensem
991 4029 1145 4090 117111-
1156 4026 1250 4106 Vulgd
1259 4031 1350 4088 Mou-

287 4125 500 4195 etr-tectae!
513 4118 619 4201 (oce).

332 4221 365 4276 b.
384 4219 523 4276 Bmardr
537 4218 644 4274 135110
659 4217 747 4273 5925.
762 4245 803 4260 -
816 4215 963 4274 Bucherdr'
981 4217 1071 4278 6265.

332 4315 365 4371 5.
384 4309 498 4371 Roberti
523 4313 565 4382 11,
587 4305 730 4368 Flandriae
749 4305 874 4384 comitis,
895 4308 947 4389 qui
963 4307 1057 4368 dictus
1080 4319 1123 4367 est
1142 4306 1351 4386 Hierosolymi-

286 4415 385 4464 tanus.

332 4502 368 4556 6.
385 4502 509 4556 Placavie
523 4501 584 4558 135
599 4507 687 4575 atque
698 4494 745 4556 ed.
761 4495 860 4554 Germ.
