3742 5667
473 716 532 775 att
697 716 861 774 OEUVRES
881 706 1098 777 contutatus
1118 717 1167 776 Dr.
1188 717 1318 777 suono.

520 849 557 920 S.
590 845 761 918 Johannis
783 845 939 920 diaconi.
961 851 998 920 S.
1026 848 1185 944 lingonis
1217 847 1370 922 diaconi.
1402 853 1438 922 S.
1462 849 1533 922 Gi·

469 980 565 1054 rardi
591 979 746 1053 diaconi.
776 983 814 1054 S.
841 980 1036 1056 Theobaidi
1068 981 1222 1055 diaconi.
1255 986 1293 1056 S.
1323 981 1533 1056 Salomonis

470 1095 624 1169 diaconi.

520 1215 558 1286 S.
581 1209 765 1284 Guillelmi
798 1210 1021 1284 subdiaconi.
1052 1214 1088 1286 S.
1125 1210 1269 1286 Rodulii
1298 1212 1525 1287 subdiaconi.

470 1330 507 1399 S.
535 1327 631 1400 Petri
657 1323 879 1399 subdiaconi.
899 1329 936 1400 S.
948 1327 1125 1400 Eustachii
1141 1326 1365 1402 subdiaconi.
1391 1332 1427 1402 S.
1444 1333 1529 1402 Ber·

470 1442 562 1515 nerii
574 1439 798 1514 subdiaconi.

401 1541 405 1548 ’
517 1558 555 1628 S.
573 1555 752 1628 Hamclini
778 1555 954 1654 pueris.
986 1556 1129 1630 arnaldi
1159 1558 1272 1656 pueri.
1293 1560 1329 1630 S.
1349 1557 1529 1631 Guidonis

469 1671 584 1772 pueri.
602 1674 639 1744 S.
657 1670 810 1771 Philippi
823 1673 936 1770 pueri.
956 1675 992 1746 S.
1011 1672 1183 1746 iohannis
1193 1674 1322 1774 pueri.

469 2063 516 2112 1¹·
555 2061 664 2110 SUPER
683 2062 793 2111 unus
814 2063 980 2112 rtuutaos
1004 2063 1171 2112 uectustn
1185 2065 1303 2114 stttc'n
1319 2063 1423 2112 mun
1436 2063 1523 2112 cott-

517 2173 625 2223 CBSSiS
643 2174 667 2222 Α
680 2174 827 2224 suoumo
844 2175 987 2242 aaran,
1005 2177 1047 2224 ΒΤ
1064 2175 1179 2225 ttonto
1198 2175 1293 2242 vm,
1319 2175 1360 2223 ΕΤ
1383 2175 1525 2226 cmm!

517 2285 675 2356 ruiana,
693 2286 730 2334 nt
745 2287 803 2336 ont
818 2287 939 2336 0!le
955 2287 1022 2337 sut.

468 2560 563 2634 Suger
576 2555 694 2613 concede
710 2555 731 2613 ὰ
747 2552 856 2635 l’dgir'se
869 2557 907 2615 de
918 2557 1105 2634 saint-Part,
1122 2558 1212 2615 situdc
1227 2555 1247 2611 d
1264 2560 1469 2634 Salat-Deris,
1488 2577 1527 2614 rm

506 2652 603 2706 eiodre
621 2671 687 2708 avec
702 2671 748 2708 ser
763 2652 969 2728 dependam,
985 2649 1097 2729 deglise
1113 2653 1150 2707 de
1167 2651 1358 2724 Satur-leun,
1376 2655 1453 2707 uiuri
1472 2671 1528 2728 que

501 2745 647 2819 plusieurs
653 2747 805 2821 privileges
814 2757 843 2801 et
851 2745 1007 2823 aecumst
1018 2748 1048 2802 ia
1056 2745 1160 2822 charge
1170 2745 1206 2801 de
1220 2743 1343 2802 edldbrer
1355 2748 1526 2802 soienneile-

503 2851 580 2896 ment
591 2841 840 2896 maanaimrairc
850 2849 880 2894 et
892 2841 933 2895 ies
947 2839 1024 2894 deux
1037 2838 1111 2912 [dees
1122 2839 1159 2894 de
1175 2841 1252 2894 saint
1261 2841 1350 2911 Paul,
1363 2852 1391 2895 et
1400 2839 1438 2895 de
1445 2845 1529 2914 prier-

503 2950 578 3006 pour
588 2934 631 2989 tes
640 2933 782 3010 whyteue
794 2931 910 3008 desum
922 2932 961 2988 de
970 2927 1111 3004 l’abbore.

941 3087 1048 3168 (tias)

518 3315 559 3382 ln
575 3311 722 3381 nomine
736 3323 865 3381 sanctae
877 3324 914 3382 et
932 3307 1125 3381 individuae
1146 3308 1339 3399 Trinitatis,
1363 3309 1476 3380 Patris
1491 3323 1526 3381 et

469 3423 546 3496 itlii
565 3439 603 3496 et
621 3424 773 3523 Spiritus
794 3423 919 3498 sancti.
941 3433 1064 3495 Amen.
1084 3423 1263 3519 Sugerius,
1275 3423 1402 3496 ¹divina
1416 3425 1528 3519 gratia

468 3538 561 3613 beati
577 3538 735 3636 Dionysii
750 3538 905 3617 ecclesiae
925 3537 1049 3610 abbas.
1070 3540 1162 3626 Quia
1185 3541 1248 3610 Dei
1268 3538 1527 3636 omnipotentis

469 3653 566 3748 larga
580 3652 809 3726 miseratione
834 3654 1046 3751 parvitatem
1072 3667 1234 3724 nostram
1265 3653 1469 3750 promoveri
1491 3665 1527 3723 et

469 3766 517 3840 ad
534 3765 642 3865 hujus
662 3768 818 3840 ecciesiae
841 3770 998 3863 regimen
1021 3768 1169 3862 contigit
1192 3765 1389 3858 sublimari,
1416 3767 1527 3837 muita

470 3881 576 3955 nobis
600 3880 838 3955 sollicitudine
868 3896 905 3954 et
935 3883 1103 3954 continua
1132 3880 1338 3953 instandum
1363 3897 1417 3952 est
1441 3905 1528 3953 cura

471 3993 683 4069 utilitatibus
694 4021 879 4069 servorum
892 3998 958 4069 Dei
972 3995 1162 4086 deservire,
1180 3995 1392 4068 catholicam
1411 3995 1529 4068 Eccle-

471 4111 563 4182 siam
587 4127 624 4185 et
656 4110 819 4184 Ecclesiae
841 4112 1031 4185 servitores
1058 4109 1239 4183 bonorare
1260 4137 1269 4200 ;
1294 4111 1462 4206 quatinus
1490 4109 1527 4182 in

511 4343 542 4398 t.
560 4342 604 4399 Ex
615 4338 746 4401 Chartul.
762 4337 829 4398 albo
840 4341 870 4400 S.
886 4335 1441 4420 Dionysii(archiv.1mp.,1.1.1157),
1466 4349 1488 4400 t.
1500 4340 1527 4411 1,

471 4453 503 4516 p.
520 4437 589 4496 3¹9.
605 4464 644 4479 -
655 4429 772 4509 nubles,
784 4435 862 4494 Hirr.
877 4434 915 4490 de
925 4429 1055 4508 ratim
1065 4433 1102 4492 de
1113 4435 1147 4493 S.
1159 4435 1266 4506 Denys,
1280 4449 1311 4512 p.
1326 4433 1394 4494 att.
