3742 5667
576 773 638 830 vm
657 775 709 829 DE
732 772 844 830 Lotus
862 773 910 829 m
934 770 1044 831 GROS.
1281 776 1338 833 129

286 880 434 973 mabiles
447 902 615 1000 exequias
626 902 882 1001 persolventes,
897 918 1023 975 notam
1037 904 1252 1002 proditionis
1270 910 1339 979 evi-

288 1029 373 1103 tant,
390 1016 481 1090 dum
497 1018 567 1091 boc
587 1018 736 1092 domino
752 1019 826 1115 regi
843 1018 1038 1107 Ludovico,
1056 1044 1123 1093 nec
1139 1022 1340 1115 nitentum,

287 1132 346 1205 sed
368 1132 465 1205 fama
482 1134 627 1208 volante
657 1158 723 1233 per
745 1135 954 1209 universum
974 1134 1100 1208 orbem
1115 1135 1340 1211 denuntiant.

288 1252 354 1319 Rex
365 1264 491 1321 antem
504 1265 540 1322 et
553 1274 676 1322 amore
684 1251 827 1347 justitiae
841 1265 877 1324 et
885 1252 1200 1349 consanguinitatis
1212 1253 1344 1327 affectu

289 1364 322 1434 in
337 1362 512 1437 ultionem
533 1381 640 1438 tantae
655 1366 869 1464 proditionis
884 1369 1070 1461 excitatus,
1087 1394 1154 1441 nec
1167 1369 1259 1465 regis
1276 1373 1346 1442 An·

289 1478 378 1576 giici,
396 1504 465 1553 nec
485 1482 628 1553 comitis
647 1480 846 1555 Theobaldi
876 1508 1004 1578 guerra
1029 1483 1208 1574 detentus,
1238 1483 1342 1555 Flan-

289 1594 401 1667 driam
413 1598 596 1669 animosus
605 1598 726 1689 intrat,
736 1613 777 1669 ut
785 1599 1022 1695 nequissimos
1035 1599 1254 1673 atrocissime
1262 1624 1345 1699 per-

289 1710 358 1801 dat,
394 1726 473 1785 toto
497 1712 609 1785 animi
635 1728 672 1785 et
700 1713 820 1812 operis
844 1714 926 1786 nisu
956 1728 1133 1787 exaestuat.
1167 1717 1344 1789 Comitem

289 1825 456 1898 andriae
485 1825 717 1899 Guillelmnm
751 1830 1013 1919 Normannum,
1053 1828 1168 1902 filium
1199 1830 1347 1903 Roberti

292 1940 594 2039 ilierosoiymitani
622 1943 850 2015 Normanniae
877 1944 1019 2016 comitis
1049 1944 1219 2041 (adeum
1250 1947 1347 2019 enim

287 2057 361 2153 jure
375 2058 691 2153 consanguinitatis
704 2057 916 2157 spectabat),
933 2060 1144 2134 constituit¹.
1165 2065 1211 2134 Ut
1226 2078 1346 2135 autem

292 2178 415 2269 Bruges
439 2172 636 2265 descendit,
663 2198 737 2247 non
757 2176 890 2247 veritus
915 2191 1017 2248 terne
1040 2175 1261 2268 barbariem,
1279 2200 1347 2249 nec

291 2288 420 2361 ioedam
433 2288 643 2388 proditoriae
658 2290 974 2385 consanguinitatis
990 2290 1136 2383 lineam,
1149 2292 1247 2390 ipsos
1262 2315 1347 2390 pro-

292 2404 421 2478 ditores
443 2404 481 2477 in
496 2404 642 2478 ecclesia
657 2421 693 2477 et
716 2419 814 2477 turre
833 2404 997 2478 obsessos
1023 2422 1194 2497 coarctat,
1219 2408 1351 2481 victua·

292 2521 339 2593 tia
360 2536 486 2619 prater
504 2524 594 2615 sua',
610 2545 689 2619 quae
713 2521 836 2593 divino
859 2537 951 2594 nutu
969 2545 1105 2594 eorum
1137 2522 1246 2595 etiam
1267 2524 1349 2595 usui

293 2636 495 2735 importuna
517 2635 779 2736 repugnabant,
805 2635 986 2735 prohibet.
1015 2640 1062 2709 Ut
1091 2652 1213 2714 autem
1239 2637 1347 2731 fame,

296 2764 387 2848 peste
415 2763 451 2821 et
484 2747 603 2844 gladio
635 2748 889 2846 aliquantisper
929 2773 991 2821 eos
1025 2750 1207 2841 contrivit,
1241 2750 1354 2823 eccle·

295 2866 376 2938 siam
387 2864 641 2962 relinquentes,
663 2866 790 2936 turrim
813 2879 967 2953 tantum,
997 2880 1037 2935 ut
1059 2889 1120 2937 eos
1140 2866 1248 2939 turris
1265 2867 1350 2940 reti·

295 2997 399 3074 neret,
409 2983 647 3053 retinuerunt.
662 2984 740 3051 Jam
756 3005 839 3077 ergo
851 2981 898 3053 de
912 2983 985 3053 vita
999 2980 1049 3053 eis
1061 2972 1347 3081 desperantibus,

296 3122 371 3171 cum
381 3099 458 3195 jam
473 3098 510 3171 in
535 3096 675 3169 luctum
690 3110 888 3168 verteretur
903 3094 1049 3191 cythara
1077 3120 1216 3187 eorum,
1237 3112 1273 3169 et
1287 3122 1349 3169 or·

297 3238 417 3309 ganum
436 3237 568 3285 eorum
585 3213 621 3283 in
638 3235 767 3283 vocem
791 3210 987 3301 flentium⁸,
1014 3212 1250 3310 nequissimus
1276 3219 1345 3285 Bu-

298 3328 438 3403 cbardus
453 3329 638 3401 sociorum
653 3351 829 3400 consensu
849 3325 931 3423 suga
952 3326 1084 3425 lapsus,
1103 3343 1237 3401 terram
1250 3330 1346 3401 exire

297 3444 408 3518 rolens
420 3468 489 3517 nec
505 3444 638 3536 valens,
653 3443 726 3516 sola
744 3443 932 3539 iniquitate
952 3442 1097 3541 propria
1112 3442 1344 3541 prohibente,

299 3559 503 3632 infirmitate
515 3558 701 3657 cujusdam
717 3557 822 3629 amici
844 3556 1080 3629 etfamiliaris
1098 3581 1274 3647 reversus,
1294 3558 1349 3629 in·

300 3689 466 3775 terceptus
481 3674 574 3774 regis
592 3674 756 3774 imperio,
788 3672 963 3769 exquisito
985 3672 1121 3745 miserae
1134 3674 1262 3745 mortis
1290 3698 1350 3770 ge·

332 3933 535 3998 t.Gnitleimus
543 3932 629 4010 Clito,
637 3932 684 3993 die
692 3930 828 3993 vicesima
838 3929 921 3991 tertia
933 3930 1028 3991 martii
1040 3950 1089 3992 an.
1097 3934 1188 4005 tter,
1196 3930 1351 3991 comitatus

297 4024 481 4089 investituram
503 4030 521 4085 a
541 4046 609 4105 rege
633 4039 663 4087 et
681 4024 878 4107 juramentum
901 4024 969 4086 fidei
998 4028 1015 4085 'a
1034 4024 1190 4085 baronibus
1207 4024 1350 4085 Flandriae

375 4134 408 4182 rt.

299 4138 475 4278 'viipmer
487 4236 543 4274 sua
552 4214 638 4275 codd.
651 4232 769 4288 omnes3
784 4213 880 4285 idest,
893 4231 959 4291 qna
970 4230 1060 4293 penes
1074 4230 1105 4271 se
1121 4210 1246 4291 reposita
1258 4210 1349 4273 habe·

299 4305 368 4388 bant,
385 4310 465 4368 aiunt
487 4306 675 4370 Benedictini.
697 4307 749 4367 vet
773 4306 928 4387 legendum
947 4307 962 4386 εξ
978 4309 1112 4364 victualia
1133 4321 1237 4384 preter
1260 4326 1347 4368 ιιι...

301 4402 429 4478 potita,
439 4413 472 4461 nt
483 4402 563 4483 apud
575 4402 693 4461 Freber.

340 4496 623 4571 3.Videtob,1xx,
640 4498 691 4571 3¹,
704 4494 786 4571 cujus
803 4512 889 4554 voces
903 4492 1052 4574 pantnltrm
1076 4488 1124 4552 hic
1144 4504 1301 4554 mutantur.
