3742 5667
486 775 544 831 rec
704 770 867 829 [auvnns
887 754 1102 827 courmrns
1123 768 1172 824 nn
1191 766 1326 825 suoru.

486 902 632 991 brachia
663 903 917 993 extenduntur,
950 917 1005 975 tot
1020 917 1057 975 et
1072 916 1178 975 tantae
1192 926 1320 974 manus
1334 902 1549 989 mittuntur,

486 1019 587 1118 quod
611 1044 677 1092 nec
700 1020 810 1093 etiam
832 1019 1001 1119 septima¹
1017 1043 1148 1093 manus
1168 1019 1244 1117 ipsa
1269 1033 1391 1091 sancta
1414 1018 1554 1091 scrinia

486 1135 660 1232 attingere
673 1134 819 1209 valeret.
837 1140 1034 1235 Eapropter
1054 1136 1128 1235 ipse
1143 1134 1312 1208 dominus
1337 1160 1398 1207 rex
1420 1159 1458 1207 se
1472 1158 1556 1207 me·

486 1250 587 1323 dium
596 1252 646 1324 eis
655 1252 831 1347 ingerens,
843 1252 1007 1325 lecticam
1020 1267 1224 1349 argenteam
1233 1250 1395 1350 specialis
1403 1250 1554 1350 patroni

486 1365 532 1439 dc
553 1392 663 1441 manu
686 1369 957 1467 cpiscoporum,
984 1369 1077 1440 sicut
1099 1367 1253 1457 videtur,
1282 1366 1328 1439 de
1349 1391 1460 1439 manu
1477 1370 1550 1438 Re-

486 1486 617 1558 mensis
651 1484 931 1584 archiepiscopi,
973 1484 1210 1572 senonensis,
1248 1484 1475 1556 Carnotensis
1507 1497 1552 1555 et

485 1600 640 1674 aliorum
655 1624 851 1694 assumens,
872 1616 945 1673 tam
961 1598 1091 1674 devote
1108 1625 1217 1698 quam
1230 1600 1379 1672 honeste
1394 1601 1554 1699 pmvius

486 1716 743 1814 egrediebatur.
768 1714 927 1790 Mirabile
944 1714 1042 1789 visu!
1062 1720 1254 1814 Nunquam
1276 1717 1397 1807 talem,
1415 1730 1552 1815 praeter

486 1831 584 1904 illam
601 1856 680 1929 quae
698 1831 734 1903 in
748 1832 894 1929 antiqua
914 1834 1182 1904 consecratione
1202 1832 1356 1904 coelestis
1372 1834 1555 1905 exercitus

485 1948 559 2019 risa
574 1962 639 2037 est,
657 1947 924 2045 processionem
937 1948 1066 2045 aliquis
1083 1947 1205 2020 videre
1220 1948 1351 2046 potuit,
1369 1972 1454 2020 cum
1471 1971 1554 2019 san-

485 2077 628 2137 ctorum
652 2088 803 2162 corpora
825 2066 1021 2163 Martyrum
1038 2080 1075 2137 et
1091 2065 1343 2138 Confessorum
1360 2065 1406 2138 de
1429 2079 1552 2137 tento-

486 2179 546 2252 riis
566 2177 731 2277 palliatis,
748 2179 908 2252 humeris
932 2194 969 2253 et
994 2179 1094 2254 collis
1109 2182 1363 2279 episcoporum
1385 2194 1421 2253 et
1434 2179 1552 2252 comi·

487 2307 564 2365 tum
588 2309 625 2366 et
643 2293 835 2387 baronum,
854 2295 1075 2368 sanctissimo
1094 2297 1264 2393 Dionysio
1280 2298 1457 2394 sociisque
1472 2294 1552 2391 ejus

487 2407 533 2481 ad
569 2408 771 2483 eburneum
799 2411 932 2484 ostium
959 2426 1222 2503 occurrerunt5
1255 2436 1320 2511 per
1349 2412 1550 2484 claustrum

487 2549 569 2597 cum
586 2524 811 2599 candelabris
830 2541 865 2599 et
881 2527 1048 2600 crucibus
1063 2542 1099 2600 et
1113 2527 1191 2601 aliis
1203 2526 1339 2601 festivis
1353 2551 1551 2601 ornamen-

486 2642 543 2731 tis,
566 2666 649 2716 cum
665 2641 745 2715 odis
766 2657 802 2715 et
817 2641 985 2715 laudibus
1003 2644 1126 2715 multis
1139 2657 1391 2740 processerunt
1405 2669 1415 2735 ;
1432 2642 1551 2714 domi-

488 2782 555 2831 nos
571 2781 654 2831 suos
665 2758 975 2833 tam-familiariter
987 2783 1096 2857 quam
1106 2784 1178 2858 prae
1189 2759 1319 2855 gaudio
1333 2759 1548 2860 lacrymabi-

487 2872 566 2946 liter
578 2874 869 2971 deportaverunt.
883 2875 991 2947 Nullo
1005 2901 1164 2972 unquam
1180 2876 1307 2973 majori
1324 2876 1361 2947 in
1376 2875 1550 2950 omnibus

487 3004 682 3088 potuerunt
697 2990 826 3087 gaudio
845 2992 1043 3067 sublimari.

537 3109 763 3180 Revertentes
789 3108 896 3203 igitur
918 3105 965 3180 ad
981 3108 1180 3197 ecclesiam,
1206 3123 1242 3180 et
1268 3134 1332 3207 per
1348 3106 1480 3203 gradus
1502 3107 1551 3179 ad

394 3242 399 3253 ·
486 3220 594 3293 altare
624 3221 785 3320 superius
803 3222 916 3318 quieti
942 3227 1157 3296 Sanctorum
1178 3221 1397 3295 destinatum
1425 3246 1551 3294 ascen·

488 3336 626 3427 dentes,
653 3360 760 3435 super
780 3337 972 3435 antiquum
988 3339 1097 3410 altare
1111 3336 1320 3437 pignoribus
1333 3340 1550 3410 Sanctorum

487 3452 664 3549 repositis,
696 3451 742 3524 de
770 3477 864 3525 nova
892 3465 976 3524 ante
1005 3477 1139 3524 novam
1164 3477 1292 3525 eorum
1325 3450 1550 3551 sepulturam

487 3564 725 3638 consecranda
754 3564 926 3663 agebatur
952 3566 1141 3665 principali
1177 3590 1251 3658 ara,
1268 3591 1379 3665 quam
1397 3564 1550 3639 domino

487 3682 649 3753 Remensi
674 3681 944 3781 archiepiscopo
969 3684 1132 3755 Samsoni
1161 3683 1397 3780 imposuimus
1423 3706 1549 3755 conse·

487 3795 670 3869 orandam.
691 3796 869 3892 Agebatur
886 3798 995 3870 etiam
1010 3796 1055 3869 de
1070 3798 1148 3869 aliis
1167 3812 1242 3869 tam
1264 3798 1418 3893 gloriose
1439 3821 1550 3895 quam

382 3947 390 3972 =
488 3911 696 3985 solemniter
725 3914 794 3985 aris
808 3914 932 4008 viginti
963 3912 1214 3987 consecrandis
1238 3940 1247 3985 ε
1267 3938 1418 4012 quarum
1450 3912 1551 3985 illam

489 4053 568 4126 quae
590 4029 627 4100 in
652 4028 773 4102 medio
801 4029 973 4102 Salvatori
995 4044 1121 4101 nostro
1138 4044 1175 4102 et
1196 4046 1405 4104 sanctorum
1435 4028 1550 4102 choro

489 4144 705 4241 Angelorum
722 4157 895 4217 etsanctae
919 4145 1026 4218 Cruci
1040 4145 1237 4242 assignatur
1250 4149 1274 4239 ¹,
1297 4146 1446 4219 domino
1462 4147 1552 4217 Can·

531 4397 561 4453 l.
576 4390 664 4453 Forte
676 4398 850 4471 sceptrigera
862 4392 1046 4473 (Ben.).-2.
1063 4396 1210 4453 Hactenus
1228 4393 1377 4456 chesnius.
1396 4395 1551 4473 Sequentia

491 4483 566 4547 eruit
577 4483 760 4545 llabillonius
779 4504 816 4545 ex
829 4486 919 4545 veteri
932 4486 1000 4546 cod.
1019 4488 1050 4547 S.
1061 4485 1186 4547 Victoris
1199 4486 1277 4567 (Vct.
1294 4492 1394 4561 Anat„
1412 4509 1443 4569 p.
1458 4490 1542 4565 tot).
