3742 5667
475 760 532 817 ne
693 754 859 813 OEuvnm
879 738 1094 815 conaturus
1114 756 1164 815 nn
1184 755 1316 817 suom.

474 891 613 963 misiam
634 887 874 989 praeferentes,
894 901 933 959 ut
957 911 1024 985 pro
1042 887 1118 985 ejus
1138 911 1262 960 amore
1276 903 1445 987 tanquam
1465 895 1536 963 Ec-

473 1007 588 1082 clesiae
604 1018 702 1079 tutor
719 1002 925 1101 principalis
945 1002 1223 1077 misericorditer
1242 1020 1365 1103 parcat
1383 1004 1540 1078 devotis-

473 1126 562 1197 sime
584 1120 801 1221 supplicant,
828 1119 865 1190 in
886 1141 970 1190 suos
993 1116 1144 1193 alienam
1167 1144 1214 1192 ne
1238 1120 1430 1195 ulciscatur
1444 1123 1541 1221 inju-

472 1241 562 1311 riam
583 1236 788 1335 implorant.
810 1236 975 1321 Quorum
1003 1259 1063 1307 rex
1094 1236 1412 1335 supplicationibus
1432 1240 1539 1335 regiae

473 1355 663 1454 majestatis
690 1349 865 1423 inclinans
896 1350 1162 1443 celsitudinem,
1193 1377 1239 1423 ne
1263 1352 1396 1426 nobilis
1421 1353 1537 1427 beatae

473 1472 590 1545 Mariae
614 1493 699 1542 cum
722 1466 865 1539 civitate
885 1466 967 1562 igne
991 1467 1191 1541 solveretur
1222 1469 1383 1563 ecclesia,
1411 1470 1539 1545 comiti

473 1585 681 1659 Flandrensi
703 1582 835 1656 Carolo
852 1581 1003 1655 mandat
1022 1599 1064 1655 ut
1080 1585 1276 1677 exercitum
1292 1590 1464 1679 revocet‚'
1477 1592 1540 1659 Ec·

473 1703 608 1777 clesiae¹
628 1725 751 1774 amore
769 1715 805 1772 et
827 1699 955 1771 timore
970 1700 1105 1775 civitati
1124 1716 1256 1800 pareat.
1279 1703 1351 1790 Qui
1373 1727 1462 1775 cum·
1481 1728 1539 1776 re·

473 1819 699 1917 patriassent,
722 1830 1013 1889 momentaneum
1029 1815 1267 1889 infortunium
1285 1817 1404 1914 longa,
1424 1822 1539 1893 conti-

474 1960 545 2006 nua
561 1948 597 2007 et
612 1931 820 2029 gravissima
834 1930 970 2003 ultione
984 1932 1111 2030 punire
1125 1956 1199 2005 uon
1216 1930 1448 2007 desistebant.

522 2053 646 2121 XXVI.
673 2054 721 2120 Ea
746 2062 975 2148 tempestate,
992 2046 1205 2121 venerandae
1230 2051 1416 2123 memoria
1439 2077 1535 2124 sum-

474 2190 574 2239 mum
594 2164 801 2264 pontificem
825 2188 1017 2237 romanum
1037 2164 1243 2238 Pascbalem
1261 2165 1307 2237 ab
1327 2165 1397 2241 hac
1418 2166 1467 2241 ad
1482 2168 1535 2239 lu·

474 2306 553 2353 cem
596 2294 806 2379 perpetuam
838 2281 988 2375 contigit
1024 2280 1249 2377 demigrare’.
1279 2282 1345 2354 Cui
1370 2308 1455 2355 cum
1487 2282 1535 2356 de

472 2396 635 2469 Johanne
661 2397 813 2469 Gaitano
826 2395 1051 2489 cancellario,
1068 2396 1243 2470 electione
1261 2399 1436 2489 canonica
1453 2424 1538 2473 con-

474 2515 626 2607 stitutus,
647 2538 741 2614 papa
760 2513 920 2585 Gelasius
933 2513 1173 2606 successisset,
1197 2529 1233 2585 et
1251 2514 1438 2613 cujusdam
1453 2520 1540 2587 Bur·

474 2630 551 2702 dini
577 2628 731 2728 depositi
760 2630 980 2701 bracarensis
1003 2628 1279 2728 archiepiscopi,
1306 2630 1538 2729 imperatoris

475 2746 618 2819 Henrici
630 2744 800 2820 violentia
818 2747 855 2817 iu
872 2744 992 2817 sedem
1009 2746 1241 2845 apostolicam
1257 2746 1398 2839 intrusi,
1423 2762 1459 2819 et
1476 2772 1539 2847 po

474 2863 549 2961 puli
579 2862 718 2933 romani
755 2859 989 2933 conductitia·
1007 2860 1232 2935 infestatione
1261 2862 1538 2937 intolerabiliter

474 2978 759 3075 fatigaretur,eta
772 2992 893 3050 sancta
903 2977 1122 3050 sedecorum
1135 2976 1325 3077 tyrannide
1333 2994 1533 3072 arceretur,

473 3093 520 3167 ad
534 3093 684 3167 tutelam
700 3108 735 3167 et
750 3095 1014 3193 protectionem
1028 3096 1241 3169 serenissimi
1255 3098 1346 3193 regis
1362 3096 1537 3170 Ludovioi

474 3225 510 3281 et
525 3209 703 3307 gallicanae
722 3209 878 3283 ecclesiae
898 3211 1205 3309 compassionem,
1228 3213 1320 3286 sicut
1339 3213 1536 3311 antiquitus

474 3341 751 3417 consueverunt,
789 3326 962 3422 confugit.
996 3329 1068 3415 Qui
1099 3353 1185 3400 eum
1220 3328 1338 3401 navali
1374 3329 1536 3401 subsidio

476 3443 662 3542 (pauperie
679 3443 813 3541 quippe
828 3442 941 3515 multa
956 3442 1166 3539 angebatur)
1182 3443 1411 3542 applicuisset
1423 3448 1538 3542 Maga·

474 3557 623 3646 lonam¹‚
646 3574 779 3632 aretam
794 3560 831 3631 in
850 3559 978 3657 pelago
995 3558 1166 3649 insulam,
1184 3561 1243 3633 cui
1264 3584 1373 3659 super
1386 3574 1438 3633 est
1451 3561 1530 3635 solo

475 3676 657 3774 episcopo,
674 3674 825 3767 clericis,
838 3690 875 3748 et
890 3700 971 3748 rara
988 3675 1121 3749 familia
1137 3691 1358 3775 contempta,
1378 3678 1533 3773 singula-

475 3791 523 3862 ris
538 3807 574 3865 et
593 3792 745 3890 privata,
763 3796 893 3865 muro⁸
913 3807 1031 3866 tamen
1051 3807 1199 3891 propter
1218 3818 1316 3865 mare
1332 3818 1536 3867 commean-

516 4024 546 4080 t.
560 4024 601 4079 Et
615 4022 747 4079 Ecclesiae
758 4018 826 4083 edd.

514 4113 545 4170 2.
559 4114 747 4186 Annottttl,
761 4111 809 4172 die
818 4112 942 4188 januarii
963 4116 1012 4173 st.
1030 4115 1140 4174 Eodem
1161 4132 1258 4175 meme
1269 4112 1377 4174 electus
1388 4126 1431 4174 est
1446 4112 1538 4174 Gela·

475 4204 534 4263 sius
547 4224 623 4285 papa
635 4208 673 4265 11.

517 4303 546 4361 3.
565 4304 748 4377 Magotoacm
762 4303 872 4361 tatto.
896 4305 1076 4381 Μαςιιοὶοηο,
1091 4299 1209 4380 antiqua
1224 4299 1407 4383 septimaniae
1419 4299 1536 4375 civitas,

474 4391 645 4473 jamdudum
657 4393 765 4456 dimta.

515 4492 545 4548 t.
561 4487 608 4549 Sic
618 4486 733 4549 codices
744 4507 844 4549 omnes
856 4500 885 4550 et
897 4489 945 4552 ed.
962 4488 1153 4555 Benedict-
1172 4496 1232 4550 lmo
1247 4486 1365 4570 reliquae
1379 4488 1448 4550 edd.
