3742 5667
482 758 540 816 aaa
700 757 866 815 muvnns
886 739 1099 815 conruens
1120 757 1171 813 nr
1190 754 1327 815 succa.

481 888 647 962 videlicet
665 889 821 962 casulam
843 889 956 961 sancti
980 889 1073 960 Petri
1095 886 1178 986 (pro
1198 911 1271 984 quo
1285 911 1346 959 eos
1361 886 1458 984 regia
1473 911 1542 985 po-

483 1020 619 1097 testate,
639 1006 703 1078 nisi
714 1006 764 1077 eis
778 1030 848 1104 pro
865 1004 1062 1079 reverentia
1075 1019 1199 1076 vestra
1214 1002 1440 1077 Celsitudinis
1459 1028 1542 1103 par-

482 1146 660 1213 ceremus,
688 1137 859 1220 tanquam
882 1121 977 1193 fures
1000 1136 1062 1193 aut
1079 1135 1242 1220 raptores
1261 1118 1541 1217 tenuissemus),

482 1238 580 1311 nullo
601 1238 712 1310 modo
734 1236 883 1309 reddere
899 1237 1101 1310 voluerunt.
1128 1236 1190 1307 His
1214 1235 1322 1332 igitur
1351 1250 1387 1307 et
1413 1234 1543 1331 hujus·

481 1354 584 1427 modi
608 1354 744 1452 injuriis
763 1359 841 1427 Deo
861 1368 898 1426 et
914 1353 1044 1425 sanctis
1062 1352 1139 1451 ejus
1159 1366 1195 1423 et
1214 1351 1418 1451 apostolicae
1438 1375 1544 1424 reve·

481 1472 602 1543 rentiae
617 1469 840 1567 derogantes,
857 1494 922 1568 pro
942 1483 1171 1567 contemptu,
1195 1493 1263 1566 pro
1282 1467 1542 1556 inobedientia,

480 1612 548 1687 pro
571 1584 754 1681 sacrilegio
771 1586 809 1657 in
829 1583 1006 1657 ultionem
1024 1583 1297 1657 ecclesiasticam
1315 1582 1542 1673 decidentes,

482 1726 592 1801 quem
606 1714 815 1773 meruerunt
832 1724 874 1771 ex
890 1699 1005 1796 rigore
1015 1699 1160 1796 justitiae
1174 1700 1334 1797 recipere
1354 1698 1542 1789 talionem,

482 1843 544 1891 eos
569 1819 604 1889 in
621 1817 785 1916 proximo
806 1815 936 1888 sentire
964 1816 1170 1914 suppliciter
1188 1815 1435 1913 efflagitamus.
1454 1812 1546 1886 Illuc

487 1932 584 2005 enim
598 1930 839 2032 superbiendo
850 1931 1099 2023 ascendemnt,
1117 1930 1214 2003 unde
1229 1956 1291 2003 eos
1301 1930 1398 2028 justo
1404 1930 1545 2028 judicio

482 2064 720 2147 prosternere,
735 2062 771 2121 et
787 2072 906 2120 servos
917 2048 985 2120 Dei
1000 2049 1037 2119 in
1051 2073 1138 2146 pace
1152 2071 1361 2121 conservare
1375 2046 1546 2120 facillime

482 2164 640 2262 potestis.
662 2164 795 2262 Saepius
809 2164 906 2235 enim
925 2163 1038 2235 multa
1052 2164 1225 2254 convicia,
1241 2166 1357 2236 minas
1370 2162 1547 2235 terribiles

484 2280 534 2352 eis
552 2280 768 2370 intulerant,
790 2282 972 2375 garciones
996 2305 1080 2353 suos
1101 2279 1254 2354 eandem
1274 2282 1412 2351 Sancta
1426 2282 1547 2351 Geno

482 2392 569 2464 vefae
591 2392 776 2465 eeclesiam
800 2408 911 2466 noctu
939 2394 1090 2484 intrare,
1117 2409 1153 2466 et
1174 2394 1265 2465 ostia
1284 2418 1410 2466 eorum
1430 2392 1548 2489 frangi

483 2509 652 2600 fecerant,
668 2524 795 2582 contra
813 2510 1005 2582 canonicos
1023 2511 1212 2582 Matutinus
1230 2510 1439 2607 incipientes
1454 2532 1546 2580 con-

482 2623 654 2715 clamare,
673 2650 718 2696 ne
734 2623 821 2696 alter
840 2626 991 2698 alterum
1004 2625 1145 2698 audiret
1164 2624 1380 2724 impulerant
1399 2650 1407 2694 ε
1427 2623 1549 2696 donec

483 2760 561 2825 nos,
581 2760 689 2835 super
703 2734 759 2807 his
769 2736 905 2833 injuriis
916 2736 964 2807 ab
979 2737 1115 2809 eisdem
1128 2737 1309 2810 canonicis
1323 2735 1550 2832 regularibus

483 2854 614 2942 vocati,
636 2851 720 2925 illuc
740 2852 1033 2945 acceleravimus,
1056 2853 1247 2926 oculorum
1273 2852 1549 2925 excecationem

483 2982 520 3039 et
543 2968 793 3040 membrorum
824 2969 1133 3042 detruncationem
1159 2968 1388 3042 helluonibus
1419 2968 1548 3064 hujus·

482 3082 595 3175 modi,
620 3082 756 3179 siquid
777 3083 890 3155 simile
912 3084 1080 3183 deinceps
1102 3084 1382 3175 committerent,
1406 3081 1549 3156 terribi-

483 3194 564 3269 liter
582 3197 833 3294 promisimus3
859 3198 1053 3271 servientes
1074 3199 1120 3271 de
1140 3213 1259 3291 nocte,
1279 3200 1385 3295 siqui
1405 3197 1549 3270 interci-

371 3390 375 3401 ,
482 3328 663 3411 perentur,
678 3312 807 3385 crebro
819 3315 1096 3405 transmisimus3
1113 3331 1150 3387 et
1162 3317 1213 3387 sic
1225 3341 1291 3414 per
1301 3316 1369 3387 Dei
1381 3315 1545 3411 gratiam,

383 3494 386 3505 .
483 3428 561 3500 zelo
582 3426 794 3501 obedientiae
817 3444 853 3501 et
879 3430 981 3526 regiae
1010 3430 1201 3527 majestatis
1228 3446 1381 3521 terrore,
1416 3456 1479 3503 eos
1508 3431 1546 3500 in

484 3566 573 3642 pace
598 3560 768 3641 tanquam
787 3546 855 3616 Dei
881 3545 1009 3617 excelsi
1031 3570 1152 3618 servos
1174 3546 1407 3619 libentissime
1422 3545 1547 3618 cunfo

484 3682 621 3749 remus,
640 3674 676 3730 et
692 3658 728 3730 in
741 3658 812 3731 hoc
833 3659 910 3732 solo
927 3662 995 3732 Dei
1010 3676 1045 3732 et
1060 3677 1190 3733 sanctae
1204 3662 1385 3758 religionis
1405 3686 1542 3750 amore,

483 3772 654 3872 quamdiu
672 3773 774 3846 vobis
789 3776 979 3873 placuerit,
997 3792 1202 3849 constanter
1219 3778 1542 3876 perseverabimus.

532 3894 664 3963 Verum
681 3905 825 3963 tantum
850 3890 1008 3984 bonum,
1033 3918 1107 3989 quo
1132 3893 1271 3965 laetatur
1292 3894 1437 3966 ecclesia
1462 3895 1543 3984 Dei,

483 4031 558 4104 quo
581 4006 835 4107 praedicabitur
860 4010 973 4081 sancti
990 4010 1219 4107 apostolatus
1241 4013 1348 4082 vestri
1368 4034 1482 4108 usque
1507 4011 1546 4081 in

484 4120 593 4194 finem
608 4123 717 4195 seculi
728 4122 863 4196 famosa
874 4122 1074 4215 beatitudo,
1086 4124 1204 4197 taliter
1215 4125 1363 4225 pacifice
1378 4141 1414 4198 et
1425 4126 1545 4223 quiete

484 4234 670 4305 terminari
684 4236 829 4332 poterit,
849 4235 876 4306 si
894 4236 935 4307 iis
951 4236 1122 4331 religiosis
1137 4236 1306 4328 chorum,
1333 4237 1541 4337 capitulum,

484 4348 678 4422 claustrum
705 4366 741 4423 et
760 4350 1003 4444 refectorium,
1024 4352 1070 4424 ad
1089 4355 1396 4427 conservationem
1416 4368 1544 4426 sanctae

485 4465 680 4562 religionis,
690 4468 789 4564 juxta
806 4466 972 4541 ordinem
988 4470 1109 4542 Sancti
1122 4471 1289 4560 Victoris,
1301 4469 1369 4544 illis
1378 4469 1540 4560 exclusis,
