3742 5667
507 769 566 831 ¹98
732 762 898 827 OEUVRES
918 750 1136 820 contestatus
1155 762 1206 819 DE
1225 760 1356 823 SUGER.

505 900 663 999 idipsum
687 896 890 998 loquentes,
911 910 952 968 ut
975 893 1194 969 enucleatius
1209 894 1472 993 intelligantur,
1505 918 1577 993 ap·

504 1038 691 1117 posuimus
709 1041 719 1088 z

584 1250 662 1307 Voce
674 1264 780 1306 sonans
791 1264 895 1325 magna
909 1242 1024 1305 Christo
1035 1243 1118 1327 plebs
1129 1245 1235 1306 clamat
1251 1265 1258 1303 z
1273 1246 1406 1311 Osanna!

585 1345 654 1418 Quat
664 1340 750 1399 datur
764 1338 795 1399 in
808 1357 891 1399 coena
904 1338 971 1398 tulit
983 1357 1084 1398 omnes
1097 1337 1193 1397 hostia
1209 1357 1289 1415 vera,

582 1439 670 1497 Ferre
682 1454 798 1495 crucem
809 1428 948 1515 properat
961 1432 1013 1513 qui
1028 1444 1148 1492 cunctos
1164 1433 1195 1491 in
1207 1452 1294 1493 cruce
1302 1433 1405 1495 salvat.

584 1532 648 1589 Hoc
661 1528 741 1608 quod
753 1527 862 1587 Abram
875 1547 929 1606 pro
941 1527 1025 1607 prole
1038 1525 1113 1599 litat,
1126 1524 1234 1587 Christi
1247 1546 1316 1586 caro
1331 1526 1436 1606 signat.

585 1621 795 1684 Melchisedech
808 1620 879 1681 libat
890 1622 971 1702 qnod
985 1620 1093 1681 Abram
1109 1639 1197 1702 snper
1207 1620 1291 1681 hoste
1306 1620 1477 1703 triumphat.

584 1720 704 1777 nouum
718 1717 911 1779 recte-serunt
920 1714 972 1795 qui
987 1714 1133 1775 Christum
1144 1734 1212 1776 cum
1222 1734 1310 1776 cruce
1322 1728 1469 1795 qtmrunt.

553 1950 635 2018 Haec
647 1944 754 2041 igitur
767 1958 842 2016 tam
860 1967 956 2016 nova
971 1968 1082 2042 quam
1101 1945 1249 2042 antiqua
1261 1958 1576 2017 ornamentorum

504 2060 711 2135 discrimina
731 2082 776 2132 ex
793 2061 871 2158 ipsa
892 2058 1017 2132 matris
1039 2058 1196 2148 ecclesiae
1222 2059 1412 2133 allectione
1437 2058 1576 2133 crebro

504 2175 789 2269 considerantes,
813 2175 902 2248 dum
921 2174 1021 2247 illam
1043 2174 1307 2249 ammirabilem
1330 2177 1443 2248 sancti
1468 2176 1576 2273 utigii

504 2316 589 2365 cum
604 2290 807 2366 minoribus
817 2289 1073 2383 crucem,dum
1086 2290 1367 2390 incomparabile
1383 2316 1577 2364 ornamen-

505 2422 597 2499 tum,
615 2406 715 2507 quod
732 2406 839 2504 vulgo
855 2408 961 2481 crista
977 2423 1141 2499 vocatur,
1154 2432 1270 2481 aureae
1288 2432 1359 2482 arae
1374 2410 1576 2509 superponi

504 2538 771 2613 contueremur,
799 2521 908 2596 corde
933 2538 1038 2596 tenus
1062 2524 1273 2623 suspirando
1300 2552 1309 2595 ε
1341 2526 1485 2615 Omnis,
1513 2527 1572 2599 in·

506 2666 630 2739 quam,
659 2642 748 2740 lapis
774 2640 958 2740 preciosus
981 2640 1248 2739 operimentum
1276 2656 1394 2737 tuum,
1412 2642 1571 2733 sardius,

506 2758 679 2855 topazius,
694 2757 819 2857 jaspis,
838 2755 1032 2846 crisolitus,
1048 2757 1134 2829 onix
1152 2771 1188 2828 et
1211 2756 1373 2848 berillus,
1391 2758 1572 2858 saphirus,

506 2871 746 2946 carbunculus
762 2886 798 2945 et
814 2870 1036 2967 smaragdus.
1051 2876 1105 2944 De
1126 2895 1284 2969 quorum
1297 2898 1464 2966 numero,
1481 2900 1573 2973 prae·

505 3002 562 3061 ter
574 2988 693 3061 solum
709 2984 984 3077 carbunculum,
1002 2987 1144 3061 nullum
1157 2988 1292 3080 deesse,
1313 2990 1388 3062 imo
1400 2991 1574 3089 copiosis-

505 3105 595 3176 sime
613 3103 811 3195 abundare,
829 3126 1054 3200 gemmarum
1076 3105 1335 3203 proprietatem
1352 3130 1573 3204 cognoscen-

505 3219 602 3293 tibus
617 3222 702 3294 curit
720 3244 860 3294 summa
876 3219 1126 3293 ammiratione
1143 3222 1267 3295 claret.
1291 3223 1407 3314 Unde,
1424 3248 1509 3296 cum
1523 3248 1570 3295 ex

508 3334 698 3409 dilectione
727 3337 869 3410 decoris
894 3336 1027 3409 domus
1052 3338 1118 3409 Dei
1151 3337 1347 3437 aliquando
1365 3339 1575 3413 multicolor

510 3476 736 3548 gemmarum
750 3452 954 3549 speciositas
966 3450 1013 3524 ab
1027 3452 1271 3525 exintrinsecis
1285 3477 1345 3525 me
1356 3452 1452 3525 curis
1464 3452 1574 3527 devo

507 3581 620 3657 caret,
655 3583 861 3641 sanctarum
893 3568 1000 3639 etiam
1031 3568 1273 3641 diversitatem
1304 3569 1492 3658 virtutum,
1526 3569 1572 3643 de

410 3728 411 3733 =
507 3681 753 3765 materialibus
784 3682 831 3756 ad
856 3684 1105 3757 immaterialia
1133 3684 1395 3777 transferendo,
1420 3685 1572 3759 honesta

507 3797 695 3870 meditatio
724 3799 885 3872 insistere
914 3801 1171 3899 persuaderet,
1199 3800 1327 3874 videor
1357 3801 1482 3875 videre
1515 3825 1573 3876 me

506 3913 608 4010 quasi
630 3913 697 3986 sub
718 3912 838 4012 aliqua
862 3929 1028 3989 extranea
1048 3916 1147 3990 orbis
1163 3933 1343 3991 terrarum
1359 3918 1475 4017 plaga,
1493 3944 1574 4019 quae

506 4052 573 4099 nec
588 4042 665 4100 tota
681 4029 726 4101 sit
737 4030 775 4102 in
788 4044 964 4103 terrarum
981 4030 1078 4123 laeoe,
1092 4058 1160 4105 nec
1174 4046 1250 4105 tota
1266 4032 1303 4104 in
1320 4034 1402 4105 coeli
1415 4037 1574 4133 puritate

505 4141 700 4237 demorari,
718 4146 766 4218 ab
784 4146 851 4219 hac
869 4147 978 4221 etiam
992 4148 1152 4221 inferiori
1168 4150 1215 4223 ad
1235 4148 1332 4222 illam
1350 4151 1576 4248 superiorem

505 4261 699 4356 anagogico
712 4287 814 4338 more
823 4266 901 4335 Deo
912 4264 1388 4364 donantepossetransierri.
1400 4266 1576 4339 Conferre

507 4377 677 4450 consuevi
718 4402 804 4449 cum
845 4380 1198 4477 Hierosolymitanis,
1239 4398 1276 4455 et
1307 4382 1574 4479 gratantissime

507 4488 705 4584 addiscere,
717 4493 851 4591 quibus
864 4496 1267 4595 Constantinopolitanae
1281 4513 1471 4598 patuerant
1480 4521 1574 4591 garae
