3742 5667
518 711 576 769 tta
735 707 900 767 OEuvars
919 691 1134 767 conrmras
1154 709 1205 765 nn
1224 708 1358 767 soora.

516 842 601 935 Qui,
623 839 891 913 communicato
918 864 1003 911 cum
1024 837 1256 911 familiaribus
1282 837 1445 929 consilio,
1470 837 1575 910 solita

515 955 806 1055 magnanimitate
821 968 997 1051 gratanter
1013 954 1133 1027 oblata
1160 954 1365 1052 suscipiens,
1392 954 1575 1027 carissimo

515 1072 591 1146 filio
611 1069 794 1144 Ludovico
825 1094 905 1141 eam
934 1068 1120 1166 copulari¹
1149 1069 1338 1167 pmmittit,
1373 1094 1514 1141 necnon
1538 1084 1575 1141 et

514 1189 684 1287 deinceps
705 1183 865 1258 nobilem
888 1199 1099 1282 apparatum
1120 1184 1166 1257 ad
1190 1183 1468 1257 destinandum¹
1489 1186 1573 1258 illuc

513 1304 712 1403 componit,
744 1298 1452 1373 nobilissimorum'virorumexercitom
1465 1301 1572 1397 quin-

513 1436 703 1519 gentorum
720 1431 757 1489 et
772 1441 817 1489 eo
836 1415 989 1515 amplius
1003 1416 1160 1489 militum
1181 1414 1226 1488 de
1245 1415 1453 1489 melioribus
1471 1416 1573 1511 regni

513 1536 661 1631 colligit,
683 1533 741 1605 cui
758 1533 865 1604 etiam
876 1531 1075 1631 palatinum
1092 1530 1263 1604 comitem
1276 1531 1522 1604 Theobaldum
1537 1546 1572 1604 et

511 1651 695 1749 egregium
721 1647 1041 1722 viromandensem
1071 1650 1241 1723 comitem
1267 1651 1574 1745 consanguineum

492 1767 708 1842 ,ttaduttum
730 1790 879 1866 praeesse
910 1766 1108 1838 constituit.
1143 1771 1214 1837 Nos
1238 1780 1360 1837 autem
1383 1764 1575 1838 familiares

512 1886 602 1981 ejus,
621 1900 657 1958 et
670 1905 918 1982 quoscumque
939 1882 1088 1955 sanioris
1101 1882 1239 1956 consilii
1264 1883 1420 1981 reperire
1441 1882 1572 1980 potuit,

512 1999 546 2071 ei
573 1998 839 2099 concopulavit,
868 1997 918 2068 sic
950 1998 987 2069 in
1014 1999 1089 2095 ejus
1112 2000 1209 2070 exitu
1239 1996 1314 2070 filio
1345 1999 1572 2071 valedicens:

516 2145 534 2182 e
557 2118 718 2211 Protegat
734 2128 782 2205 te,
801 2111 931 2212 inquit,
947 2112 986 2185 ‘et
1008 2129 1102 2205 tuos,
1122 2112 1172 2186 fili
1188 2114 1381 2203 carissime,
1405 2114 1574 2213 omnipo-

515 2260 533 2296 «
551 2231 659 2303 tentis
687 2231 766 2322 Dei,
798 2255 864 2329 per
897 2255 1007 2329 quem
1039 2255 1138 2326 reges
1169 2246 1331 2329 regnant,
1358 2230 1577 2305 validissima

515 2375 533 2411 α
555 2343 698 2417 dextera
717 2374 727 2435 3
747 2346 830 2444 quia
844 2348 873 2418 si
893 2361 929 2419 te
949 2364 984 2418 et
1009 2370 1100 2444 quos
1117 2360 1237 2419 tecum
1261 2348 1464 2420 transmitto
1483 2370 1576 2443 quo-

515 2490 533 2526 «
553 2485 708 2559 cumque
726 2462 923 2535 infortunio
943 2463 1159 2554 amitterem,
1179 2488 1245 2535 nec
1267 2488 1327 2535 me
1344 2462 1573 2562 praesentiali-

515 2607 533 2645 «
552 2591 604 2649 ter
614 2603 680 2650 nec
695 2603 846 2675 regnum
862 2604 1042 2651 curarem.
1064 2610 1080 2645 a
1102 2580 1271 2677 Copiosas
1287 2582 1396 2653 etiam
1414 2603 1517 2676 gazas
1535 2594 1573 2653 et

513 2692 764 2767 thesaurorum
776 2694 1027 2767 sufficientiam
1043 2693 1261 2789 deliberans,
1279 2693 1428 2793 nequid
1441 2696 1478 2766 in
1493 2710 1573 2767 toto

512 2806 646 2881 ducatu
659 2812 851 2909 Aquitaniae
865 2814 1017 2911 rapiant,
1033 2837 1079 2885 ne
1101 2828 1236 2885 terram
1251 2826 1314 2885 aut
1326 2826 1428 2885 terrae
1446 2836 1578 2911 paupe

512 2949 571 2997 res
589 2923 732 3019 laedant,
759 2952 806 2998 ne
831 2929 966 3000 amicos
983 2928 1147 3000 inimicos
1173 2929 1303 3001 faciant
1331 2929 1425 3025 regia
1447 2926 1576 3023 majes-

514 3054 586 3112 tate
602 3042 809 3115 interminat
826 3071 836 3133 ;
852 3058 895 3115 ut
910 3058 1046 3140 gratam
1058 3047 1069 3083 ⁸
1083 3045 1253 3117 exercitui
1270 3044 1316 3116 de
1331 3044 1475 3143 proprio
1490 3068 1576 3116 aera-

513 3156 569 3228 rio
594 3155 842 3254 quotidianam
867 3158 1061 3233 exhibeant
1084 3159 1379 3233 deliberationem
1402 3160 1578 3258 imperare

514 3296 589 3344 non
605 3271 759 3347 dubitat.
780 3275 863 3366 Qui,
884 3299 969 3348 cum
985 3300 1050 3374 per
1068 3276 1513 3375 Limovicensium⁸partcs
1528 3274 1576 3347 ad

515 3387 829 3484 Burdogalensium
844 3388 933 3461 fines
957 3391 1253 3488 pervenissemus,
1283 3407 1366 3464 ante
1393 3392 1577 3464 civitatem

516 3503 724 3605 interposito
740 3528 871 3603 magno
892 3506 1002 3580 fluvio
1019 3510 1161 3582 Garona
1174 3510 1186 3547 ⁸
1199 3509 1353 3582 tentoria
1368 3507 1572 3597 defiximus,

557 3785 587 3843 l.
604 3780 790 3859 Canmpulart'
805 3784 915 3845 tatto.
928 3814 969 3828 -
981 3784 1011 3840 2.
1027 3784 1230 3841 Festinandum
1245 3780 1286 3843 id.
1303 3782 1368 3846 cod.

556 3876 586 3935 3.
601 3874 644 3933 lta
655 3893 756 3934 omnes
769 3874 919 3934 editiones.
929 3874 1182 3937 -Nolr'lr'sst'mnm
1192 3888 1272 3955 quat.
1283 3874 1392 3936 laudati
1404 3875 1532 3940 codices.

513 3970 587 4117 edil·
604 3970 721 4026 Gratum
745 3967 860 4027 codices
883 3988 983 4028 omnes
1001 3980 1030 4028 et
1047 3967 1117 4029 edit.
1139 3968 1287 4031 Benedict.
1306 4003 1347 4015 -
1370 3974 1488 4031 Gratum
1511 3966 1573 4028 alite

466 4130 470 4139 ¹
555 4100 584 4211 bi
601 4156 831 4211 Limovicensr'um
851 4156 909 4214 tta
930 4166 1018 4233 atque
1036 4152 1103 4213 edd.
1120 4186 1159 4200 -
1178 4160 1412 4214 Lemovicensr'nm
1429 4166 1487 4215 tres
1503 4153 1573 4214 reli-

512 4244 716 4397 qubiogdiona
737 4342 808 4417 ott,
823 4340 914 4418 5925,
933 4352 963 4401 et
983 4340 1051 4403 edd.
1063 4372 1103 4387 -
1114 4346 1246 4407 Warona
1266 4344 1373 4403 tatto.
1386 4374 1427 4388 -
1440 4346 1574 4403 Garunna

514 4434 603 4493 6265.
