3742 5667
574 773 1185 855 rtuo1onscssconrsuroasms.
1346 799 1405 857 tar

630 1195 670 1242 11.
698 1153 852 1242 nnsous
876 1189 921 1238 ne
946 1189 1048 1238 muts
1071 1190 1123 1241 vr.

353 1497 393 1553 Le
405 1495 448 1548 roi
467 1489 586 1547 ccrords
602 1487 622 1543 ὰ
640 1485 770 1562 l'abbcye
787 1488 824 1544 de
843 1489 1030 1556 Sciat-Dema
1043 1490 1189 1562 plusieurs
1193 1495 1361 1570 privileges,
1377 1516 1412 1554 en

392 1588 621 1646 reconnaissance
633 1583 669 1638 de
686 1585 716 1638 la
730 1586 887 1658 protectior
906 1584 979 1657 qu‘t'l
996 1601 1016 1638 a
1031 1579 1146 1640 obtem
1161 1583 1247 1660 apre’s
1257 1592 1337 1646 avoir
1349 1596 1414 1666 pris

392 1677 569 1752 dorifiamme
578 1679 628 1735 des
637 1682 732 1734 mains
745 1677 782 1732 de
793 1679 894 1752 Suger.

400 1930 437 1994 In
456 1923 585 1992 nomine
603 1923 705 1990 Patris
718 1940 751 1989 et
762 1921 832 1990 Filii
846 1940 878 1989 et
895 1922 1030 2015 Spiritus
1043 1923 1155 1992 sancti.
1172 1929 1287 1995 Amen.
1305 1931 1413 1999 Ludo-

354 2030 454 2109 vicus,
472 2026 534 2095 Dei
546 2027 661 2118 gratim
674 2049 731 2092 rex
745 2028 955 2106 Francorum,
972 2026 1228 2118 archiepiscopis,
1243 2030 1412 2125 episcopis,

355 2131 504 2210 ducibus,
523 2127 704 2208 comitibus,
721 2145 754 2195 et
772 2127 924 2196 universis
941 2128 1030 2219 regni
1050 2129 1150 2196 nostri
1169 2131 1412 2220 proceribus...

402 2237 466 2304 Nos
472 2235 570 2325 igitur
575 2257 650 2301 ctam
657 2249 690 2299 et
696 2231 764 2298 aliis
772 2232 868 2324 longe
881 2232 1008 2322 lateque
1017 2232 1169 2314 ecclesiis,
1181 2251 1250 2302 tnm
1257 2240 1417 2329 praecipue

238 2343 242 2352 '
356 2339 458 2406 nobili
476 2335 673 2414 monasterio
691 2351 741 2401 ter
754 2332 839 2400 beati
857 2334 1001 2426 Dionysii
1014 2336 1239 2426 sociorumque
1255 2341 1324 2426 ejus
1336 2365 1415 2430 pro-

356 2438 486 2531 pensius
498 2437 709 2522 attendentes,
729 2459 769 2504 eo
792 2438 931 2527 primum
949 2435 1065 2504 affectu
1085 2461 1151 2528 qno
1163 2455 1267 2506 totum
1280 2465 1417 2534 regnum

357 2561 503 2611 nostrum
527 2558 612 2610 sorte
633 2541 829 2632 apostolatus
851 2539 1026 2631 suscipiens
1046 2541 1187 2611 Domino
1207 2547 1277 2613 Deo
1296 2547 1419 2639 proprii

357 2643 519 2737 sanguinis
542 2643 697 2711 effusione
724 2639 871 2720 restitnit,
892 2665 931 2707 eo
955 2642 1053 2709 enam
1072 2668 1138 2734 quo
1159 2645 1190 2713 ei
1204 2665 1420 2716 antecessores

358 2749 458 2814 nostri
473 2763 539 2814 tam
554 2743 723 2837 spiritualis
738 2767 836 2834 quam
858 2744 1034 2835 corporalis
1046 2746 1155 2813 ausilii
1170 2750 1325 2818 beneficio
1340 2775 1419 2819 con-

337 2843 339 2848 ’
359 2849 504 2917 faederati
515 2866 600 2929 sunt,
615 2847 690 2916 satis
702 2846 911 2932 devoti;cnm
928 2847 972 2914 ad
983 2872 1076 2916 aures
1088 2868 1211 2919 nostras
1224 2855 1422 2943 pervenisset

359 2951 613 3022 Alamannorum
637 2973 747 3041 regem
772 2948 812 3014 ad
845 2948 1091 3039 ingrediendum
1115 2969 1148 3019 et
1171 2953 1421 3046 opprimendum

359 3077 498 3146 regnum
522 3069 668 3120 nostrum
686 3053 860 3118 exercitum
877 3074 1072 3142 preparare,
1095 3054 1331 3122 communicato
1347 3081 1422 3124 cum

360 3154 510 3247 palatinis
526 3151 643 3220 nostris
665 3149 811 3228 consilio,
831 3151 873 3218 ad
892 3149 994 3242 ipsam
1008 3151 1281 3221 sanctissimorum
1297 3159 1421 3248 Marty-

360 3280 433 3325 rum
449 3255 615 3322 basilicam
631 3272 723 3321 more
735 3270 974 3320 antecessorum
988 3271 1174 3322 nostrorum
1191 3257 1422 3340 festinavimus,

361 3357 484 3450 ibique,
496 3356 710 3448 presentibus
723 3355 814 3446 regni
832 3356 932 3422 nostri
951 3357 1171 3447 optimatibus,
1184 3383 1246 3449 pro
1258 3361 1348 3450 regni
1363 3362 1422 3429 de-

362 3461 506 3529 fensione
524 3460 655 3528 eosdem
677 3475 832 3550 patronos
853 3475 980 3526 nostros
1002 3483 1098 3551 super
1115 3461 1217 3528 altare
1235 3464 1424 3532 eorumdem

364 3563 478 3630 elevari
499 3560 554 3654 pio
568 3560 687 3628 affectu
707 3577 741 3627 et
759 3583 871 3627 amore
886 3560 1063 3629 effecimus.
1077 3563 1174 3629 Unde
1196 3564 1302 3646 nobis,
1315 3582 1350 3632 ut
1365 3590 1425 3657 par

364 3689 447 3754 erat,
475 3667 594 3761 placuit
622 3665 924 3761 gloriosissimorum
944 3669 1123 3758 Mas-tymim
1142 3669 1319 3753 basilicam,
1340 3673 1424 3739 anti·

366 3798 503 3865 quorum
522 3796 635 3864 regum
654 3761 843 3836 liberalitate
863 3787 896 3837 et
915 3770 1133 3838 munificentia
1148 3773 1375 3865 amplificatam
1394 3793 1427 3842 et

367 3876 564 3956 decoratam,
591 3871 708 3940 nostris
729 3874 928 3963 temporibus
950 3874 1039 3939 omni
1058 3872 1230 3942 dilectione
1252 3877 1426 3968 amplexari

367 3997 401 4049 et
427 3979 610 4048 sublimare.
637 3978 787 4042 Praesenti
813 3975 920 4066 itaque
942 3976 1117 4044 venerabili
1146 3979 1264 4045 abbate
1287 3981 1427 4071 praefatae

367 4081 505 4152 ecclcsiae
527 4079 674 4172 sugerio,
693 4101 789 4168 quem
809 4076 936 4146 fidelem
959 4095 992 4146 et
1020 4077 1209 4147 familiarem
1230 4084 1264 4148 in
1288 4083 1429 4150 consiliis

368 4185 485 4254 nosuis
508 4181 718 4259 habebamus,
746 4180 779 4244 in
813 4180 981 4270 praesentia
1008 4182 1200 4272 optimatum
1231 4200 1426 4264 nostrorum,

368 4288 520 4358 vexillum
538 4284 578 4352 de
595 4282 711 4349 altario
730 4282 898 4349 hestorum
917 4282 1113 4373 Martyrum,
1137 4283 1177 4349 ad
1192 4284 1278 4374 quod
1298 4287 1430 4354 comita-

369 4407 422 4459 tus
435 4385 615 4466 vilcassini,
634 4408 731 4475 quem
748 4408 808 4451 nos
820 4384 860 4449 ab
875 4383 951 4476 ipsis
964 4383 998 4449 in
1010 4381 1142 4452 feodum
1152 4387 1322 4469 babemus,
1339 4414 1430 4482 spec-

286 4551 288 4554 .
369 4513 437 4564 tare
455 4491 641 4570 dinoscitur,
668 4510 794 4554 morem
815 4486 982 4577 antiquum
999 4503 1235 4555 antecessorum
1249 4507 1431 4561 nostrorum

1272 4610 1311 4666 tt
