3742 5667
598 835 662 892 VlE
682 833 731 890 DE
752 833 864 892 touls
884 833 932 891 LE
954 835 1066 892 GROS.
1322 843 1358 901 19

290 989 363 1066 quo
386 963 556 1064 quidem,
582 990 688 1065 prece
705 966 919 1058 multorum,
939 965 1090 1038 consilio
1111 965 1355 1063 familiarium,

293 1081 407 1154 multo
418 1082 532 1155 etiam
540 1083 653 1182 patris
668 1097 807 1178 rogatu,
827 1081 908 1155 licet
923 1107 1017 1176 sero,
1036 1082 1103 1154 viri
1117 1082 1259 1157 animus
1271 1086 1360 1159 mol-

287 1198 404 1292 lescit,
429 1200 652 1299 resipiscenti
671 1199 799 1298 parcit,
823 1199 992 1296 injuriam
1006 1197 1201 1293 condonat,
1216 1225 1360 1299 recupe-

293 1315 419 1388 rabilia
458 1314 601 1416 perdita
635 1317 769 1389 comite
807 1313 983 1387 reddente
1014 1329 1208 1406 restaurat,
1236 1331 1360 1416 captos

293 1431 441 1527 liberat,
462 1436 607 1531 Hugoni
621 1433 906 1506 Claromontensi
930 1456 1056 1531 pacem
1078 1448 1115 1507 et
1138 1433 1238 1531 quod
1255 1436 1360 1508 castri

294 1551 534 1649 preoccupati
560 1575 667 1623 suum
685 1563 761 1623 erat
777 1549 882 1622 firma
895 1572 983 1647 pace
999 1549 1181 1621 reformat.

344 1670 388 1738 V.
408 1666 650 1739 infestabatur
659 1665 790 1738 nobilis
802 1664 950 1738 ecclesia
966 1667 1150 1738 Remensis
1165 1682 1363 1740 suot-umet

295 1782 529 1856 ecclesiarum
552 1782 599 1855 ad
622 1807 659 1854 se
683 1781 944 1882 pertinentium
965 1780 1221 1880 dilapidatione
1244 1784 1362 1856 bono·

296 1923 393 1992 mm,
410 1898 602 1999 tyrannide
618 1899 804 1971 fortissimi
818 1913 854 1970 et
871 1897 1085 1971 tumultuosi
1100 1899 1247 1972 baronis
1262 1899 1364 1974 Ebali

296 2016 544 2090 lluciacensis¹
560 2031 597 2088 et
610 2015 671 2087 filii
688 2015 765 2112 ejus
788 2013 1002 2087 Guiscbardi
1012 2017 1035 2086 ¹.
1057 2016 1128 2104 Qui
1143 2032 1279 2115 quanto
1292 2017 1363 2089 mi·

296 2133 381 2205 litiae
396 2133 572 2230 agebatur
595 2132 766 2204 exercitio
784 2131 874 2229 (erat
894 2132 992 2204 enim
1007 2145 1114 2206 tantae
1130 2134 1365 2230 magnanimi·

298 2249 393 2341 ratis,
411 2265 454 2322 ut
473 2246 669 2347 aliquando
688 2271 772 2318 cum
797 2248 955 2320 exercitu
977 2271 1122 2344 magno,
1147 2249 1248 2348 quod
1268 2248 1366 2323 solos

297 2391 396 2463 reges
421 2366 586 2456 deceret,
615 2366 652 2438 in
678 2365 883 2464 Hispaniam
908 2363 1229 2463 proficisceretur),
1262 2382 1364 2440 tanto

298 2485 458 2558 insanior
486 2499 523 2557 et
551 2481 716 2581 rapacior
735 2481 792 2553 his
815 2481 1001 2580 explendis
1023 2481 1366 2580 depraedationibus,

299 2601 433 2698 rapinis
450 2614 487 2671 ct
505 2600 606 2672 omni
630 2598 775 2670 malitiae
793 2596 994 2673 insistebat.
1012 2600 1113 2670 'l'anti
1133 2623 1219 2695 ergo
1243 2614 1280 2672 et
1294 2615 1369 2672 tam

300 2714 491 2790 facinorosi
507 2716 575 2788 viri
600 2715 698 2814 apud
714 2713 903 2787 dominum
916 2737 1035 2810 regem
1050 2714 1257 2814 Philippum
1280 2739 1368 2788 cen-

300 2835 376 2926 ties,
393 2847 433 2906 et
445 2833 559 2906 modo
576 2832 674 2932 apud
689 2831 803 2904 filium
822 2829 879 2902 bis
900 2846 965 2904 aut
983 2845 1038 2903 ter
1059 2829 1201 2927 lugubri
1223 2831 1368 2930 querela

302 2949 484 3050 deposita,
509 2948 604 3021 filius
635 2949 809 3021 mvective
830 2947 1028 3020 exercitum
1053 2947 1273 3022 mediocrem
1295 2947 1368 3020 fere

302 3067 607 3166 septingentorum
620 3064 776 3138 militum
789 3064 836 3137 de
863 3063 1293 3138 nobilioribus⁸Franciae
1307 3088 1371 3162 op-

304 3181 488 3256 timatibus
513 3181 696 3254 delectum
718 3181 816 3277 cogit
826 3182 849 3273 ⁸,
865 3181 982 3253 Remis
1008 3179 1163 3273 festinat,
1180 3206 1274 3280 pene
1302 3205 1368 3281 per

305 3299 392 3372 duos
408 3323 551 3372 menses
561 3299 678 3371 multo
690 3297 859 3370 conflictu
874 3297 1069 3395 praeteritas
1084 3298 1189 3395 punit
1202 3297 1368 3372 ecclesia-

305 3441 383 3491 mm
397 3417 596 3510 molestias,
614 3414 777 3513 ejusdem
805 3413 945 3514 praefati
961 3413 1105 3509 tyranni
1117 3427 1155 3484 et
1168 3413 1370 3487 fautorum⁸

306 3529 932 3634 ejusdepopulaturterras,incendio
944 3529 1201 3627 solvit,rapinis
1208 3532 1366 3630 exponit.

306 3651 448 3748 Egregie
465 3650 617 3738 factum,
628 3663 671 3721 ut
681 3649 744 3746 qui
760 3645 960 3746 rapiebant‘
971 3646 1158 3745 rapiantur
1166 3659 1202 3717 et
1214 3647 1277 3743 qui
1288 3661 1366 3720 tor-

308 3766 464 3866 quebant
474 3789 575 3866 aeque
588 3777 650 3836 aut
663 3762 790 3836 durius
805 3777 1052 3863 torqueantur.
1066 3768 1177 3836 Tanta
1190 3762 1368 3861 siquidem

307 3899 381 3956 crat
402 3881 542 3955 domini
565 3895 601 3954 et
620 3881 795 3955 exercitus
815 3881 1036 3973 animositas,
1058 3894 1100 3952 ut
1124 3878 1300 3977 quamdiu
1316 3878 1369 3951 ibi

351 4101 380 4162 1.
397 4097 492 4178 Vulgo
502 4103 598 4174 fleury
610 4095 736 4178 (Arme).
751 4097 780 4155 Is
790 4107 835 4156 cst
845 4093 970 4155 llbbalus
988 4097 1017 4153 11
1029 4113 1136 4156 comes.

353 4195 381 4253 Ξ.
402 4193 559 4252 Gufclrardr'
573 4190 740 4276 adflent!-

355 4288 381 4346 3.
401 4285 519 4343 ltacod.
536 4287 595 4344 rat
608 4295 637 4343 et
650 4281 719 4343 edd.
735 4284 769 4341 lrr
782 4279 902 4361 reliquis
911 4279 998 4342 codd.
1010 4279 1369 4345 additurenalr‘dr'orr'bus.

352 4382 382 4442 l.
401 4383 483 4439 burro
496 4379 587 4441 1103.

356 4476 384 4532 t.
404 4479 549 4534 Factorum
561 4472 699 4532 mendose
712 4473 783 4544 tlt,
803 4473 894 4544 5925,
909 4473 1022 4532 {2'll00

306 4593 313 4604 ·
356 4571 385 4625 s.
405 4565 558 4644 raptem
571 4569 641 4626 sta.
660 4597 698 4612 -
713 4568 840 4642 sapim
855 4561 915 4624 alit.
