3742 5667
614 833 677 888 VIE
696 833 747 888 DE
766 831 879 890 LOUIS
898 834 946 890 LE
967 832 1079 893 GROS.
1333 836 1370 893 67

303 962 475 1058 nequitiae
493 977 595 1055 nota,
613 989 698 1036 cum
709 964 801 1061 regis
816 964 986 1039 Ludovici
1004 964 1186 1065 Philippus
1202 966 1310 1041 irater
1326 968 1372 1041 de

306 1076 528 1177 superducta
544 1077 555 1113 ¹
570 1078 834 1177 Andegavense,
848 1096 921 1153 tam
931 1082 1040 1179 patris
1052 1082 1297 1181 persuasione,
1314 1086 1373 1156 cui

308 1218 499 1291 nunquam
517 1196 660 1288 restitit,
678 1222 788 1293 quam
804 1196 948 1269 blandis
974 1197 1203 1281 nobilissimae
1225 1215 1261 1271 et
1278 1199 1372 1303 bene

310 1309 532 1406 morigeratae
548 1336 709 1385 novercae
724 1312 1103 1404 illecebris,·bonorem
1117 1314 1247 1388 Montis
1261 1315 1373 1389 Lehe-

309 1426 366 1496 rii'
382 1441 419 1498 et
437 1426 681 1501 Meduntensis
700 1430 807 1502 castri
827 1429 864 1501 in
887 1430 972 1528 ipsis
991 1432 1090 1528 regni
1112 1430 1304 1505 visceribus
1327 1431 1374 1504 ab

310 1541 442 1614 eodem
461 1542 687 1632 obtinuisset,
713 1545 910 1644 Philippus,
930 1547 1038 1619 tantis
1058 1546 1216 1643 ingratus
1236 1545 1373 1619 benefi-

309 1658 617 1747 ciis,reoalcitrare
630 1659 985 1759 nobilissimigeneris
992 1661 1123 1735 fiducia
1134 1664 1370 1763 praesumpsit.

308 1779 394 1849 Erat
418 1777 517 1849 enim
535 1778 734 1851 Amabicus
745 1779 791 1851 de
807 1783 925 1852 Monte
942 1780 1053 1853 Furti⁸
1070 1782 1232 1876 egregius
1254 1780 1371 1873 miles,

308 1890 400 1965 baro
412 1896 699 1991 potentissimus,
716 1895 913 1969 avunculus
926 1896 1020 1993 ejus;
1039 1896 1146 1969 Fulco
1165 1921 1287 1969 comes
1302 1899 1374 1969 An·

309 2008 534 2106 degarensis,
549 2026 674 2110 postea
691 2037 755 2084 rex
775 2011 1133 2110 Hierosolymitanus,
1155 2012 1266 2085 frater
1281 2014 1370 2110 ejus.

309 2130 422 2198 Mater
441 2128 551 2199 etiam
568 2126 624 2200 bis
641 2127 812 2201 omnibus
834 2128 1031 2227 potentior,
1048 2130 1241 2227 viragoque
1260 2129 1375 2202 faceta

309 2257 344 2313 et
358 2241 602 2315 eruditissima
617 2243 711 2315 illius
722 2244 925 2317 admirandi
937 2244 1123 2317 muliebris
1136 2243 1289 2335 artificii,
1301 2269 1375 2343 qno

308 2375 575 2433 consueverunt
605 2359 758 2433 audaces
788 2362 861 2433 suis
891 2361 1001 2434 etiam
1029 2361 1208 2434 lacessitos
1235 2360 1374 2459 injuriis

307 2474 460 2548 maritos
479 2473 707 2573 suppeditare
717 2478 740 2566 ⁸,
766 2475 1057 2574 andegavensem
1083 2477 1243 2576 priorem
1270 2476 1376 2548 mari-

308 2604 403 2683 tum,
442 2590 529 2663 licet
558 2591 665 2663 thoro
695 2593 845 2665 omnino
871 2593 1115 2692 repudiatum,
1153 2594 1203 2665 ita
1232 2591 1376 2665 mollifi-

308 2721 465 2796 caverat,
494 2723 536 2779 ut
554 2731 634 2779 eam
655 2722 827 2806 tanquam
851 2707 1036 2782 dominam
1061 2723 1310 2799 veneraretur,
1337 2724 1375 2782 et

308 2823 470 2895 scabello
486 2823 622 2923 pedum
645 2825 721 2920 ejus
736 2816 864 2923 saepius
880 2825 1053 2913 residens,
1077 2851 1118 2897 ac
1142 2826 1171 2897 si
1193 2825 1373 2924 praestigio

258 3011 261 3017 ,
308 2937 611 3031 beret,voluntati
628 2939 861 3037 ejusomnino
872 2940 1160 3039 obsequeretur⁸.
1170 2946 1247 3014 Hoc
1264 2941 1374 3013 etiam

308 3079 425 3129 unum
434 3073 470 3129 et
483 3071 637 3130 matrem
648 3073 684 3129 et
693 3056 787 3131 filios
797 3073 955 3132 ettotam
965 3057 1136 3131 efferebat
1148 3058 1370 3157 progeniem,

309 3185 350 3244 ut
363 3173 393 3244 si
411 3172 459 3245 de
477 3174 568 3269 regis
577 3173 680 3245 ruina
689 3198 917 3272 quacumque
933 3154 1121 3247 occasione
1134 3174 1372 3270 contingeret,

308 3291 399 3363 alter
412 3289 569 3363 fratrum
591 3290 812 3377 succederet,
828 3307 865 3365 et
878 3290 949 3364 sic‘
965 3306 1042 3365 tota
1055 3290 1374 3386 consanguinitatis

310 3408 405 3479 linea
423 3406 470 3479 ad
485 3407 616 3481 solium
638 3408 752 3505 regni,
779 3407 928 3480 honoris
948 3423 984 3481 et
1012 3408 1163 3481 dominii
1182 3407 1372 3506 participa-

311 3524 429 3617 tione,
458 3524 633 3597 cervicem
659 3524 920 3621 gratantissime
949 3524 1115 3621 erigeret.
1153 3526 1245 3595 Cum
1268 3522 1375 3619 igitur

309 3642 477 3741 praefatus
492 3642 689 3741 Philippus,
708 3642 836 3715 crebro
850 3641 1091 3735 submonitus,
1102 3639 1323 3715 auditionem
1340 3653 1376 3711 et

306 3743 486 3855 judicium
511 3759 617 3831 curiae
641 3758 793 3858 superbe
820 3758 1024 3852 refutasset,
1049 3753 1376 3856 depredationibus

310 3898 525 3974 pauperum,
543 3876 759 3949 contritione
774 3874 1018 3968 ecclesiarum,
1039 3875 1161 3947 totins
1172 3874 1279 3945 etiam
1295 3871 1376 3971 pagi

352 4102 650 4177 t.1)ebtcvoce‚nt
665 4107 765 4184 supra.
780 4138 822 4151 -
835 4110 865 4167 2.
883 4108 993 4166 Montis
1009 4104 1113 4165 lateri
1127 4093 1187 4163 tat
1199 4113 1228 4160 et
1242 4102 1314 4159 tta.

352 4201 382 4257 3.
395 4196 561 4257 Amatricus
573 4201 624 4261 tv.
640 4232 682 4245 -·-
694 4195 1007 4275 Montsort-I'Amaury
1022 4198 1269 4275 (Scine-et-Oise).

352 4292 382 4351 4.
403 4294 609 4367 Suppeditarc,
626 4291 657 4349 id
674 4303 718 4351 est
732 4289 782 4350 sub
797 4294 887 4369 pedes
901 4311 1018 4368 ponere,
1040 4296 1210 4370 opprimere,
1229 4308 1376 4366 sreperare,

311 4380 394 4464 juxta
405 4382 508 4463 cangii
519 4383 705 4462 glossarium.

353 4482 382 4537 5.
395 4478 740 4556 Subsequereturt2710.

352 4574 381 4633 t.
396 4578 446 4635 Sic
460 4572 544 4634 deest
554 4570 585 4633 in
599 4572 664 4634 oud.
677 4577 736 4634 135
750 4586 780 4633 et
791 4573 821 4633 in
832 4572 901 4636 edd.
914 4575 1014 4638 Germ.
1027 4590 1062 4636 ao
1071 4572 1178 4637 Chesn.
