3742 5667
448 778 522 837 SUR
540 776 611 838 solt
630 774 952 835 tnttttusmttott
971 775 1186 837 tantm.
1287 778 1345 836 18¹1

283 928 359 985 tam
383 910 423 983 in
443 908 598 1009 capitulo
622 922 748 981 nostro
770 932 881 1007 quam
904 907 943 981 in
958 907 1104 981 ecclesia
1117 906 1246 982 divinae
1260 935 1346 1010 sup-

284 1027 423 1127 plicans
435 1026 570 1124 pietati,
587 1039 627 1097 ut
639 1026 703 1123 qui
719 1024 863 1097 initium
878 1039 931 1097 est
951 1015 987 1096 et
1002 1021 1095 1115 linis,
1114 1022 1153 1095 id
1168 1039 1222 1097 est
1233 1024 1346 1124 Alpba

285 1159 320 1217 et
335 1146 487 1239 Omega,
500 1140 602 1213 bono
618 1140 722 1213 initio
731 1140 871 1215 bonum
885 1138 996 1212 finem
1010 1138 1109 1212 salvo
1124 1140 1247 1213 medio
1262 1166 1347 1214 con·

285 1258 485 1357 copularet,
505 1281 553 1330 ne
574 1257 695 1329 virum
718 1258 932 1353 sanguinum
959 1253 1006 1328 ab
1039 1254 1190 1330 aedificio
1221 1258 1348 1356 templi

285 1374 471 1465 refutaret,
485 1372 628 1471 quihoc
643 1373 764 1472 ipsum
779 1389 857 1447 toto
872 1373 1236 1471 animomagisquam
1251 1376 1347 1447 fon·

285 1488 616 1587 stantinopolitanas
643 1510 746 1585 gazas
771 1487 934 1561 obtinere
965 1503 1191 1589 praeoptaret.
1221 1493 1346 1562 Acces-

286 1607 398 1679 simus
414 1604 521 1701 igitur
535 1603 582 1677 ad
594 1604 755 1702 priorem
766 1603 951 1677 valvarum
966 1603 1172 1697 introitum
1188 1618 1225 1677 et
1239 1604 1348 1705 depo-

286 1736 413 1795 nentes
434 1734 668 1817 nugmentum
686 1718 888 1819 quoddam,
911 1718 1010 1817 quod
1031 1743 1052 1790 a
1069 1719 1202 1793 Karolo
1218 1724 1346 1817 Magno

286 1838 421 1911 lactum
452 1836 709 1937 perhibebatur
742 1836 892 1910 honesta
919 1837 1004 1910 satis
1033 1839 1219 1911 occasione
1247 1838 1347 1936 (quia

287 1968 390 2056 pater
411 1978 497 2028 suus
518 1954 664 2052 Pipinns
681 1953 881 2051 imperator
897 1970 997 2027 exn-a
1012 1953 1049 2027 in
1064 1954 1214 2026 introitu
1230 1953 1348 2026 valva-

287 2094 368 2142 rum
383 2069 614 2169 propeccatis
626 2068 736 2167 patris
749 2069 804 2141 sui
823 2070 946 2143 Karoli
966 2067 1114 2142 Martelli
1129 2080 1347 2168 prostratum

289 2210 325 2259 se
342 2185 498 2285 sepeliri,
512 2209 587 2257 non
602 2184 784 2283 supinum,
800 2184 964 2281 lecerat),
976 2183 1111 2258 ibidem
1122 2209 1271 2257 manum
1285 2210 1347 2285 ap-

288 2302 486 2399 posuimus,
509 2314 546 2373 et
569 2299 879 2398 quemadmodum
903 2317 1063 2400 apparet,
1088 2316 1124 2374 et
1140 2302 1178 2373 in
1193 2301 1346 2401 amplifi-

290 2418 428 2491 catione
454 2417 616 2517 corporis
645 2416 820 2509 ecclesiae,
846 2432 886 2490 et
915 2418 1080 2491 introitus
1106 2433 1142 2491 et
1164 2419 1347 2491 valvarum

290 2533 538 2632 triplicatione,
564 2534 718 2605 turrium
743 2531 899 2605 altarum
928 2548 965 2606 et
988 2532 1219 2607 honestarum
1253 2558 1347 2607 erec-

291 2648 400 2743 tione,
417 2650 592 2722 instanter
607 2643 869 2720 desudavimus.

583 2882 706 2953 XXVI.
731 2885 784 2950 De
796 2876 1026 2951 dedicatione.

338 3085 548 3157 Oratorium
575 3084 689 3159 sancti
708 3085 871 3178 Romani,
894 3084 942 3156 ad
980 3082 1226 3157 famulandum
1268 3088 1347 3157 Deo

293 3200 490 3298 sanctisque
507 3201 583 3298 ejus
600 3200 745 3297 angelis,
761 3200 920 3274 dedicari
935 3225 957 3273 a
972 3200 1170 3273 venerabili
1185 3200 1263 3273 viro
1282 3202 1348 3273 llo·

295 3316 513 3409 thomagensi
534 3317 800 3417 archiepiscopo
822 3321 973 3411 Hugone
997 3331 1033 3389 et
1057 3315 1134 3387 aliis
1156 3314 1347 3414 quamplu-

294 3431 390 3503 rimis
403 3432 579 3531 episcopis
592 3432 827 3505 obtinuimus.
838 3434 909 3521 Qui
917 3432 1018 3504 locus
1029 3456 1139 3530 quam
1152 3432 1344 3522 secretalis,

294 3570 398 3642 quam
414 3545 579 3637 devotus,
591 3571 701 3644 quam
713 3546 843 3619 habilis
857 3546 978 3619 divina
992 3546 1269 3636 celebrantibus,
1283 3546 1346 3643 qui

295 3660 427 3733 ibidem
445 3666 522 3734 Deo
538 3661 755 3752 deserviunt,
774 3663 861 3735 acsi
873 3662 997 3758 jamin
1017 3678 1117 3761 parte
1133 3662 1223 3734 dum
1236 3662 1344 3734 sacri·

295 3774 398 3850 licant
415 3801 542 3850 eorum
555 3779 592 3849 in
608 3777 707 3849 coelis
717 3778 762 3851 sit
774 3777 962 3870 habitatio,
979 3793 1192 3875 cognorunt.
1211 3778 1345 3850 Eadem

294 3891 398 3963 etiam
415 3891 649 3964 dedicationis
665 3891 882 3985 celebritate,
908 3895 943 3965 in
961 3894 1119 3966 inferiori
1139 3893 1345 3967 testitudine

295 4004 444 4077 ecclesiae
467 4005 628 4079 dedicata
652 4022 735 4079 sunt
751 4007 836 4079 hinc
858 4024 894 4080 et
910 4008 994 4080 inde
1018 4007 1092 4080 duo
1111 4008 1280 4098 oratoria,
1302 4032 1345 4080 ex

295 4143 361 4191 una
388 4136 487 4219 parte
510 4125 622 4195 sancti
640 4121 825 4221 Hippoliti¹
856 4124 1108 4222 sociorumque
1132 4124 1220 4220 ejus,
1240 4137 1276 4195 et
1302 4146 1346 4195 ex

294 4232 400 4307 altera
422 4237 534 4308 sancti
559 4236 707 4328 Nicolai,
731 4261 753 4309 a
777 4238 1039 4312 venerabilibus
1065 4239 1150 4311 viris
1183 4242 1343 4311 Manasse

336 4502 365 4561 l.
386 4504 492 4577 1ροὶἰεὶ
502 4500 568 4561 cod.
580 4520 635 4563 ms.
