3742 5667
408 943 413 955 ι
480 856 519 916 aa
690 853 849 913 murras
870 827 1093 913 collaturas
1112 855 1164 912 na
1183 853 1319 914 sucas.

480 1011 549 1060 nus
576 989 675 1060 lesus
689 987 861 1078 Christus,
894 979 1107 1086 redemptor
1130 1002 1167 1060 et
1190 987 1358 1060 defensor
1386 987 1541 1062 ecclesiae

481 1126 566 1194 suae,
592 1125 765 1176 neceam
784 1101 917 1176 diutius
943 1103 1161 1194 conculcari,
1192 1127 1260 1176 nec
1286 1103 1539 1202 imperatorem

481 1218 630 1318 impune
652 1219 758 1293 ferre¹
773 1220 951 1294 sustinuit.
972 1221 1044 1309 Qui
1060 1221 1192 1293 etenim
1207 1244 1275 1292 nec
1291 1221 1379 1292 tenti
1392 1244 1459 1292 nec
1465 1220 1540 1293 fide

481 1333 629 1430 obligati
638 1335 791 1428 fuerant,
809 1334 1112 1409 causameoclesiae
1127 1335 1331 1408 fluctuantis
1342 1334 1538 1432 suscipien-

481 1463 547 1538 tes,
563 1449 702 1522 domini
729 1449 901 1546 designati
915 1450 1086 1524 Ludovici
1099 1451 1268 1546 suffragio
1280 1465 1317 1523 et
1331 1450 1482 1522 consilio
1496 1437 1538 1521 in

481 1562 649 1662 gallicana
664 1563 794 1637 celebri
812 1566 977 1639 coucilio’
987 1566 1138 1638 collecta
1158 1565 1320 1658 ecclesia,
1340 1565 1537 1664 imperato-

481 1698 558 1747 rem
575 1688 767 1773 tyrannum
779 1677 1006 1750 anathemate
1019 1676 1245 1768 innodantes,
1261 1674 1539 1748 mucronebeati

482 1791 577 1864 Petri
589 1791 834 1889 perfoderunt.
852 1792 990 1866 Deinde
1003 1817 1114 1888 regno
1128 1792 1311 1865 teutonico
1324 1792 1540 1891 applicantes

481 1907 683 2004 optimates,
708 1923 744 1978 et
765 1923 902 2007 partem
924 1909 1023 2010 regni
1052 1908 1247 1980 maximam
1272 1907 1442 1980 adversus
1454 1932 1540 1980 eum

480 2037 765 2114 commovenmt,
798 2023 952 2097 fautores
984 2023 1060 2121 ejus
1090 2039 1126 2096 et
1167 2023 1380 2096 Bucardum⁸
1408 2022 1540 2094 Rufum

480 2138 793 2211 Monasteriensem
806 2139 1032 2238 episcopum‘
1047 2139 1303 2237 deposuerunt,
1324 2162 1392 2209 nec
1424 2135 1471 2208 ab
1487 2136 1542 2208 in-

480 2250 669 2325 festatione
685 2268 747 2325 aut
758 2253 1018 2327 haeredatione¹
1032 2278 1144 2351 usque
1161 2255 1198 2326 in
1215 2253 1433 2349 condignam
1458 2275 1541 2350 pes-

481 2368 578 2441 simae
606 2369 686 2442 vitae
711 2385 747 2443 et
775 2371 950 2469 tyrannici
974 2371 1195 2470 principatus
1226 2369 1537 2460 defavillationem,

480 2483 779 2582 supersederunt⁸.
809 2487 919 2584 Cujus
949 2486 1048 2558 malo
1080 2486 1212 2558 merito
1241 2484 1540 2584 transplantatum

480 2612 545 2688 est,
562 2603 638 2670 Deo
648 2600 853 2695 ulciscente,
873 2601 1081 2701 imperium
1101 2625 1199 2689 cum,
1217 2625 1262 2673 eo
1289 2600 1537 2688 exterminato,

480 2714 554 2787 dux
571 2716 742 2788 Saxoniae⁷
755 2716 943 2789 Lotharius
962 2717 1142 2806 successit,
1170 2716 1226 2789 vir
1249 2714 1451 2806 bellicosus,
1472 2715 1541 2786 rei·

480 2829 633 2928 publicae
664 2829 832 2905 defensor
854 2832 1019 2908 invictus,
1045 2833 1129 2922 Qui,
1153 2857 1237 2903 cum
1256 2831 1540 2904 recalcitrantem

480 2943 630 3030 Italiam,
647 2946 891 3043 Campaniam,
908 2945 1085 3044 Apuliam,
1101 2970 1214 3042 usque
1232 2945 1277 3017 ad
1293 2969 1393 3018 marc
1416 2943 1541 3016 Adria-

480 3059 605 3149 ticum,
630 3075 802 3157 praesente
831 3061 951 3134 Siculo
984 3065 1084 3158 rege⁸
1116 3062 1279 3157 Rogerio,
1308 3086 1352 3133 eo
1377 3059 1478 3160 quod
1501 3085 1540 3132 se

481 3198 602 3270 regem
637 3192 808 3270 creasset,
840 3175 1112 3276 depopulando,
1146 3177 1297 3249 domino
1326 3176 1540 3249 Innocentio

480 3293 607 3388 papae⁸
637 3293 827 3366 comitatus
855 3292 1139 3391 perdomuisset,
1184 3317 1268 3365 cum
1315 3291 1540 3365 nobilissimo

480 3405 665 3504 triumpho
673 3404 880 3506 repatrians,
896 3409 1013 3482 victor
1026 3407 1213 3505 sepulturae
1231 3407 1429 3481 succubuit.
1455 3411 1540 3480 Haec

519 3635 549 3692 1.
568 3633 667 3709 Pugno
688 3633 750 3707 sere
765 3634 873 3694 tatto.
893 3665 930 3678 -
945 3635 1046 3710 Pugna
1061 3631 1131 3690 133.
1142 3661 1184 3677 -
1195 3636 1319 3708 Impr'um
1339 3630 1408 3691 edit.
1423 3631 1539 3706 Germ,

479 3723 552 3784 ethi
565 3743 666 3784 omnes
680 3724 827 3785 mendose.

521 3821 550 3878 2.
572 3816 728 3878 Viennensi
752 3817 892 3892 concilio,
918 3835 1016 3876 meuse
1033 3817 1191 3896 septembri
1212 3814 1343 3899 ejusdem
1369 3813 1438 3876 anni
1458 3818 1538 3877 11¹2

478 3923 667 3992 congregato.

520 4009 550 4069 3.
571 4008 750 4066 Burcardum
769 4007 893 4066 133-
910 4009 941 4067 l.
963 4008 1134 4082 Episcopum
1147 4005 1229 4064 deest
1242 4003 1272 4064 in
1288 4007 1355 4068 133.

520 4104 549 4160 5.
571 4098 830 4163 Predatr‘oneedit.
844 4102 945 4161 Germ.

520 4195 549 4254 ll.
570 4195 702 4269 Desuper
710 4195 842 4252 sederunt
855 4197 925 4264 135,
941 4205 1028 4272 atque
1042 4191 1108 4252 edd.
1126 4193 1226 4256 Germ.
1242 4205 1273 4252 et
1285 4191 1391 4256 Chesn.

519 4287 549 4344 7.
570 4289 879 4359 concremaret
894 4299 924 4348 et
935 4290 1026 4348 5915.

518 4381 549 4438 8.
570 4380 616 4439 tra
632 4381 698 4444 cod.
713 4386 771 4443 135
784 4401 819 4441 ac
830 4383 898 4446 edd.
911 4415 953 4428 -
967 4385 1074 4441 comite
1089 4380 1217 4460 quinque
1232 4380 1280 4440 alii
1291 4381 1378 4440 codd.

518 4473 548 4530 9.
569 4475 657 4548 Papa
675 4475 805 4554 quinque
821 4475 909 4534 codd.
924 4486 1011 4552 atque
1026 4473 1095 4534 edd.
1114 4475 1213 4533 Germ.
1229 4486 1259 4533 et
1274 4465 1382 4534 Bdocd.
1394 4505 1436 4520 ·-
1451 4476 1538 4551 Papa

478 4561 536 4624 ta'a
551 4574 580 4623 et
590 4563 662 4625 edit.
675 4566 780 4627 chesn.
