3742 5667
495 720 553 777 res
711 712 873 773 <novans
892 695 1105 773 conannas
1124 714 1174 771 on
1191 712 1324 774 suom.

493 849 569 921 lere
584 843 686 919 annis
701 842 854 945 perdito,
868 841 1040 943 quioquid
1053 847 1354 944 recuperavimus,
1370 847 1422 919 eis
1435 846 1564 922 dimi-

493 966 627 1057 simus;
646 988 687 1037 ea
707 978 827 1037 tamen
848 961 1068 1052 conditione,
1085 976 1129 1035 ut
1144 963 1182 1033 in
1202 964 1366 1062 sequenti
1387 962 1448 1036 die
1465 964 1563 1038 festi

491 1081 587 1155 beati
602 1079 762 1177 Dionysii
781 1077 905 1175 viginti
921 1076 1053 1151 solidos
1068 1077 1258 1151 refectorio
1273 1078 1370 1151 beati
1384 1078 1564 1179 Dionysii

492 1196 708 1299 persolvant.
730 1198 771 1266 ln
784 1193 910 1267 eadem
919 1194 1028 1267 etiam
1039 1192 1125 1267 villa
1136 1209 1287 1268 centum
1303 1195 1439 1269 solidos
1451 1198 1562 1269 inter

492 1326 695 1388 consumet
718 1309 852 1383 talliam
872 1309 1020 1384 habent.
1048 1310 1218 1384 Corboilo
1234 1336 1319 1385 vem
1335 1313 1373 1385 in
1394 1313 1560 1387 circuitu

491 1432 546 1502 sul
562 1428 685 1500 decem
701 1442 736 1499 et
758 1440 894 1526 septem
917 1425 1027 1498 libras
1045 1427 1094 1499 de
1115 1428 1264 1526 proprio
1276 1451 1399 1519 censu,
1416 1444 1560 1527 praeter

491 1543 579 1615 alios
595 1542 754 1615 redditus
767 1556 802 1614 et
811 1541 1073 1634 venditionum,
1090 1557 1127 1614 et
1137 1543 1393 1637 nundinarum,
1413 1561 1449 1619 et
1464 1544 1559 1617 alia·

490 1682 573 1732 rum
598 1658 917 1749 consuetudinum,
935 1682 1002 1729 nec
1027 1682 1101 1731 non
1117 1658 1381 1752 molendinum,
1409 1676 1447 1734 et
1470 1661 1558 1733 lur-

491 1798 594 1866 num,
611 1788 646 1847 et
663 1788 746 1847 octo
762 1772 904 1846 modios
918 1797 1038 1845 avenae
1057 1798 1142 1847 cum
1155 1775 1307 1871 gallinis,
1333 1791 1371 1849 et
1383 1775 1557 1876 praeben·

494 1888 578 1963 dam
592 1891 768 1988 integram
783 1889 900 1961 Sancti
916 1889 1099 1987 Exuperii.

821 2140 916 2211 XXI.
936 2142 990 2209 De
1002 2135 1178 2236 Murop’lo
1193 2133 1220 2207 ¹.

543 2345 584 2413 In
602 2366 694 2441 pago
706 2339 888 2429 Meldensi,
905 2340 986 2413 villa
1000 2364 1080 2439 quae
1098 2338 1231 2414 dicitur
1245 2340 1473 2437 Marogilum,
1489 2366 1553 2415 oo-

495 2458 635 2530 casione
649 2456 835 2555 cujusdam
846 2459 990 2531 viatura
1009 2480 1119 2555 quam
1135 2456 1313 2529 Ansoldus
1320 2456 1366 2531 de
1378 2458 1553 2532 Cornello

495 2575 698 2672 ferensque
722 2573 769 2646 ad
789 2575 881 2673 ipsas
907 2574 999 2646 villae
1022 2572 1152 2646 domus
1171 2572 1388 2672 possidebat,
1412 2577 1551 2671 gravis·

495 2691 585 2764 sime
599 2689 833 2763 infestabatur
850 2713 859 2762 :
878 2714 963 2763 cum
979 2714 1046 2763 nec
1060 2689 1221 2785 agricolae
1237 2714 1304 2763 nec
1318 2690 1379 2763 alii
1396 2690 1552 2789 quilibet

495 2804 617 2878 villam
635 2806 729 2879 exire
750 2820 830 2878 tuto
848 2803 1035 2897 auderent,
1059 2805 1147 2903 quin
1163 2804 1411 2878 occasionibus
1425 2805 1551 2879 multis

497 2922 640 2994 viaturae
661 2921 933 2994 aservientibus
957 2922 1103 2995 Ansoldi
1118 2936 1341 3021 raperentur,
1362 2937 1400 2995 et
1421 2922 1469 2995 ad
1484 2947 1550 2994 cu·

498 3037 589 3110 riam
611 3036 686 3134 ejus
707 3038 894 3136 intercepti
916 3037 1146 3128 ducerentur,
1168 3062 1236 3110 neo
1251 3037 1370 3111 minus
1383 3037 1429 3110 de
1444 3062 1550 3136 peoo-

498 3152 598 3226 ribus
611 3153 735 3226 villam
747 3153 956 3226 exeuntibus
971 3153 1241 3227 redimerentur.
1263 3158 1335 3226 Nos
1350 3178 1435 3250 ergo
1451 3153 1550 3226 mille

500 3268 631 3341 solidos
637 3294 705 3368 pro
715 3294 802 3367 pace
810 3267 970 3365 ejusdem
980 3268 1085 3361 villae,
1096 3285 1137 3342 ut
1151 3269 1303 3343 eandem
1314 3268 1419 3342 nobis
1432 3268 1551 3342 dimit·

499 3398 590 3457 teret
603 3385 791 3479 viaturam,
813 3386 847 3458 ei
862 3385 898 3457 in
918 3386 1273 3484 Hierosolymitanam
1286 3385 1550 3484 expeditionem

499 3499 738 3599 proficiscenti
746 3499 976 3592 donavimus3
989 3517 1037 3595 et,
1053 3517 1093 3574 ut
1107 3500 1203 3574 beati
1214 3502 1375 3599 Dionysii
1384 3500 1552 3600 deinceps

500 3629 690 3708 constaret,
708 3641 774 3715 per
788 3641 937 3689 manum
959 3617 1116 3717 episcopi
1131 3616 1315 3691 Meldensis
1334 3620 1499 3691 Manassae
1517 3629 1552 3687 et

501 3730 657 3803 ecclesiae
671 3731 844 3828 ejusdem,
856 3756 924 3805 neo
934 3758 1008 3805 non
1017 3746 1053 3805 et
1066 3731 1181 3829 sigillo
1194 3730 1549 3823 comitisl'heobaldi,

500 3860 679 3917 annuente
704 3848 778 3945 ejus
804 3872 914 3920 uxore
937 3863 974 3920 et
1001 3848 1088 3939 filio,
1114 3847 1220 3920 nobis
1235 3848 1370 3920 firmari
1385 3847 1547 3919 lecimus.

501 3964 588 4032 Eam
610 3962 720 4055 enim,
745 3964 834 4035 sicut
850 3962 1031 4035 confessus
1047 3978 1113 4056 est,
1130 3964 1259 4062 injuste
1278 3956 1547 4061 occupaverat².

549 4080 844 4151 commutationis
867 4079 974 4151 etiam
991 4079 1178 4178 cujusdam
1195 4079 1349 4153 formam
1371 4102 1549 4152 successo-

539 4358 570 4415 1.
593 4351 686 4415 Hodie
696 4358 826 4413 Mareuil
838 4352 1127 4435 (Scine-et·Mome).

540 4450 570 4507 Ξ.
585 4450 774 4525 Usus-paverat
787 4447 835 4507 ed.
850 4446 955 4511 (ihesu.
