3742 5667
466 768 537 827 SUB
559 768 630 827 SON
650 766 970 825 ADMINISTRATIOM
990 768 1207 827 susumus.
1308 771 1367 831 2⁰5

313 917 396 993 tere,
417 896 608 1001 prophetas
622 922 742 971 saccos
756 896 802 969 ad
818 896 953 971 molam
968 914 1158 998 apportare
1172 924 1365 1000 rspraesen.

312 1032 370 1090 ut.
389 1018 476 1091 Sunt
488 1014 609 1113 itaque
622 1013 698 1112 ejus
713 1013 870 1093 muteriae
882 1038 1005 1087 versus
1015 1014 1073 1087 isti
1091 1040 1101 1086 z

382 1216 469 1279 'follis
481 1219 595 1297 agendo
608 1218 715 1279 molam
727 1219 765 1279 de
780 1218 899 1292 furfure,
915 1217 1016 1291 Paule,
1032 1216 1166 1283 faunam.

420 1310 552 1371 Mosaicae
567 1310 639 1389 legis
651 1310 752 1395 Murus
764 1322 832 1371 uota
844 1311 926 1375 facis.

382 1405 425 1465 Fit
437 1404 473 1465 de
489 1414 533 1464 tot
544 1403 641 1484 granis
656 1426 741 1466 verus
755 1404 816 1467 sine
831 1406 942 1466 furfure
955 1406 1049 1488 punis,

419 1502 633 1579 Perpetuusque
646 1499 728 1559 cibus
739 1512 837 1561 noster
849 1511 879 1561 et
891 1499 1050 1579 angelicos.

349 1690 436 1757 item
455 1684 494 1759 iu
522 1685 648 1762 eadem
677 1686 801 1779 vitrea,
834 1686 897 1761 ubi
928 1688 1087 1762 aufertur
1118 1685 1283 1763 velamen
1316 1688 1362 1763 de

308 1802 392 1875 facie
409 1803 525 1899 Moysi
541 1828 551 1876 t

377 1999 459 2076 Quod
472 2004 584 2078 Moyses
598 2001 692 2075 velat,
707 2000 814 2063 Christi
832 2001 965 2062 doctrina
979 2001 1099 2063 revelat.

414 2094 570 2155 Dcuudunt
583 2094 678 2177 legem
692 2095 743 2175 qui
756 2095 882 2177 spoliant
893 2103 1028 2177 Moysen.

348 2284 385 2352 in
398 2279 524 2355 eadem
536 2283 660 2377 vitrea,
680 2308 920 2384 supersisam
934 2283 1075 2359 foederis
1093 2310 1102 2357 ε

373 2483 497 2543 Foederis
511 2503 549 2544 ex
561 2505 628 2547 arca
644 2486 750 2547 Christi
764 2507 850 2549 cruce
865 2486 975 2547 sistitur
988 2504 1058 2560 ara3

411 2576 532 2638 Foedere
546 2578 650 2661 majori
664 2580 724 2641 vult
736 2580 777 2641 ibi
792 2581 848 2641 vito
863 2580 949 2645 mon'.

344 2767 431 2838 item
444 2765 481 2839 in
501 2766 712 2859 eadom‚ubi
725 2767 868 2841 solvunt
883 2764 1019 2841 librum
1034 2767 1091 2841 leo
1107 2782 1274 2865 stagnus
1290 2794 1298 2841 z

370 2974 427 3051 Qui
438 2979 518 3037 Deus
532 2988 576 3036 est
587 2993 720 3055 maguus,
731 2972 838 3033 librum
847 2976 907 3035 Leo
920 2973 1006 3034 solvit
1016 2987 1046 3035 et
1061 2977 1173 3055 Agnus.

265 3068 268 3077 '
409 3074 508 3147 Agnus
523 3066 584 3128 sive
596 3064 887 3149 Loofitoarojuucta
897 3071 974 3128 Deo.

340 3260 376 3329 ln
392 3256 459 3329 alia
477 3259 600 3349 vitrea,
619 3256 684 3330 ubi
698 3255 769 3329 iilia
788 3256 985 3330 Pharaonis
998 3255 1133 3330 invenit
1147 3259 1293 3355 Moysen
1308 3256 1344 3330 iu

298 3371 423 3448 fiscella
439 3402 448 3445 ι

366 3584 418 3642 uu
431 3578 463 3641 in
478 3580 583 3642 fiscella
594 3583 707 3659 Moyses
720 3599 793 3659 puer
807 3578 867 3657 illo,
880 3578 979 3661 puella

405 3673 508 3754 Regis,
520 3686 617 3735 ments
627 3674 676 3757 pia
685 3692 771 3753 quom
782 3674 861 3735 fovet
876 3672 1016 3735 Eoclssia.

334 3862 375 3931 In
400 3858 527 3933 eadem
545 3862 671 3953 vitrea,
694 3860 758 3935 ubi
781 3859 894 3961 Moysi
917 3859 1094 3931 Dominus
1115 3858 1280 3959 apparuit
1303 3860 1340 3931 in

291 3973 367 4071 igne
382 3976 465 4049 rubi
481 4004 489 4049 ε

365 4180 445 4242 Siout
455 4182 632 4265 conspicitur
644 4182 735 4244 rubus
748 4182 795 4244 hio
805 4182 918 4260 orders,
933 4198 988 4243 noc
1002 4180 1097 4255 ordei,

364 4275 410 4336 Sio
423 4274 490 4338 divo
502 4278 606 4359 plenus
619 4278 676 4339 hou
687 4276 789 4339 uueu
802 4277 839 4339 sb
850 4276 929 4359 igne,
942 4295 997 4337 uec
1009 4276 1107 4337 ardet.

327 4490 356 4547 ι.
372 4490 477 4569 ouer,
493 4488 640 4568 monuo,
652 4490 701 4554 sd.
713 4489 819 4553 cusu.
