3742 5667
474 885 512 942 ao
689 865 848 932 onuvnus
868 831 1095 922 collatinus
1115 865 1166 920 ua
1187 863 1324 920 suoru.

475 1015 595 1105 fuerit,
610 1025 671 1084 aut
690 1007 747 1079 vix
764 1019 826 1080 aut
837 1014 1041 1090 nimquam,
1058 1012 1185 1095 praeter
1199 994 1286 1066 feria
1302 1006 1399 1064 sexta
1419 1005 1455 1063 et
1477 989 1537 1062 die

477 1130 673 1218 dominica,
687 1119 887 1223 quieverint
909 1115 996 1213 quiu
1018 1126 1080 1183 ant
1097 1136 1181 1183 cum
1201 1108 1359 1182 manuali
1374 1131 1539 1203 congres-

478 1251 577 1323 sione
610 1244 815 1316 lancearum
844 1259 886 1306 ac
921 1227 1123 1328 gladiorum
1155 1225 1440 1313 committerent,
1475 1236 1540 1293 aut

478 1385 655 1441 terrarum
668 1351 910 1430 destructione
922 1348 1035 1419 illatas
1047 1343 1194 1440 iujurias
1205 1341 1441 1413 vindicarent.
1455 1342 1539 1410 Cer·

478 1483 621 1557 tabatur
640 1474 691 1548 ibi
713 1495 789 1543 non
812 1481 939 1538 contra
965 1459 1115 1532 Ebalum
1145 1473 1300 1547 tautum,
1326 1454 1390 1527 sed
1413 1468 1539 1526 contra

478 1621 603 1674 omnes
619 1592 759 1665 illarum
783 1584 939 1684 partium
959 1578 1127 1666 barones,
1143 1573 1275 1671 quibus
1292 1572 1400 1643 etiam
1424 1571 1538 1642 maxi-

478 1713 641 1789 morum¹
661 1701 962 1794 Lotltaringorum
991 1692 1142 1764 affinitas
1160 1688 1276 1760 multo
1294 1687 1434 1784 agmine
1450 1686 1542 1757 cele-

477 1832 584 1905 brem
622 1819 812 1898 allectabat
849 1811 1058 1886 exercitum.
1094 1807 1217 1903 Agitur
1251 1804 1387 1875 interea
1417 1802 1542 1874 multis

480 1939 737 2046 quaestionibus
751 1935 796 2006 de
804 1955 903 2031 pace,
913 1943 949 2000 et
960 1924 1130 2024 quoniam
1139 1922 1286 1994 diversae
1294 1943 1389 1992 curae
1396 1919 1543 2015 pericu-

480 2065 625 2160 losaque
634 2054 777 2152 negotia
786 2047 924 2121 adalias
934 2057 1053 2143 partes
1063 2040 1147 2112 novi
1156 2035 1543 2134 domini¹praesentiam

480 2180 601 2252 votive
620 2167 854 2257 devocabant,
876 2159 1001 2234 habito
1028 2181 1111 2229 cum
1137 2154 1208 2225 suis
1233 2151 1395 2240 consilio,
1413 2174 1543 2248 pacem

480 2321 499 2367 a
513 2292 660 2394 praelato
673 2302 825 2384 tyranno
835 2275 991 2351 ecclesiis
1002 2288 1039 2345 et
1049 2270 1251 2370 impetravit
1260 2283 1296 2340 et
1309 2267 1496 2365 imperavit
1507 2268 1519 2304 ⁸
1531 2292 1542 2356 ;

481 2426 517 2484 et
533 2404 687 2503 acceptis
711 2393 909 2484 obsidibus,
936 2415 1014 2463 eam
1032 2385 1269 2485 jurejurando
1290 2383 1424 2454 firmari
1441 2380 1539 2453 lecit.

481 2528 608 2600 Taliter
629 2519 819 2592 salutatum
842 2525 878 2583 et
902 2505 1118 2602 flagellatum
1140 2501 1292 2573 dimisit.
1329 2503 1407 2572 Hoc
1434 2498 1545 2573 etiam

483 2645 584 2746 quod
599 2642 644 2715 de
659 2642 781 2710 Castro
798 2638 898 2704 Novo
914 2621 1098 2722 repetebat
1110 2622 1148 2691 in
1166 2619 1262 2691 diem
1279 2616 1428 2689 distulit.

531 2765 592 2833 VI.
616 2763 661 2829 Et
689 2777 756 2825 nec
779 2749 898 2820 minus
925 2739 1103 2813 celebrem
1126 2731 1368 2806 Aurelianensi
1391 2728 1548 2802 ecclesiae

483 2869 712 2970 suffragando
734 2863 816 2939 tulit
833 2883 941 2958 opem
958 2853 1167 2941 militarem,
1195 2873 1278 2920 cum
1300 2862 1335 2918 et
1351 2845 1549 2917 Lennium‘

483 2997 604 3068 virum
623 2985 784 3060 nobilem
802 2974 993 3050 Mauduni'
1014 2969 1131 3058 castri,
1149 2966 1306 3065 episcopi
1323 2961 1550 3035 Aurelianen-

484 3112 533 3184 sis
554 3106 754 3190 bominem,
775 3095 950 3190 majorem
964 3086 1124 3184 ejusdem
1141 3083 1246 3154 castri
1261 3095 1401 3179 partem
1412 3093 1448 3149 et
1458 3075 1547 3147 alte·

482 3231 557 3300 rius
582 3220 784 3297 dominium
813 3208 966 3309 praelatae
996 3201 1150 3275 ecclesiae
1177 3197 1409 3286 auferentem,
1436 3217 1548 3264 manu

485 3345 570 3420 lorti
586 3331 818 3434 compescuit,
840 3327 876 3398 in
890 3321 1018 3396 eodem
1032 3334 1149 3392 castro
1165 3341 1250 3389 eum
1266 3339 1350 3386 cum
1362 3310 1484 3384 multis
1495 3310 1549 3382 iu·

485 3460 591 3535 clusit
604 3487 614 3552 3
629 3467 818 3545 castroque
834 3454 993 3538 recepto,
1007 3461 1091 3509 cum
1104 3437 1141 3505 in
1154 3432 1317 3531 proxima
1334 3427 1459 3501 domui
1475 3449 1548 3496 suae

484 3575 644 3664 ecclesia,
660 3565 785 3641 erectis
796 3552 1085 3660 propugnaculis,
1103 3546 1303 3621 defensioni
1319 3545 1546 3632 inniteretur,

486 3708 528 3764 ut
547 3689 648 3763 fortis
675 3676 818 3753 fortiori
838 3669 1038 3767 subjicitur,
1065 3687 1250 3734 umorum
1266 3675 1302 3733 et
1319 3659 1549 3730 flammarum

486 3805 685 3903 ingestione
710 3785 980 3868 intolerabiliter
1006 3781 1233 3880 opprimitur.
1258 3781 1330 3849 Nec
1355 3774 1451 3847 solus
1469 3773 1549 3846 diu·

486 3923 584 3995 turni
600 3909 834 3990 anathematis
855 3903 1027 3976 mulctam
1046 3897 1168 3982 solvit,
1185 3920 1268 3967 cum
1291 3894 1367 3991 ipse
1390 3889 1550 3964 etmulti

486 4039 545 4113 alii
574 4037 686 4108 ferme
720 4024 911 4121 sexaginta,
941 4019 1084 4089 flamma
1119 4009 1350 4111 prevalente,
1380 4008 1425 4081 de
1449 4022 1548 4081 turre

527 4254 557 4308 l.
580 4249 745 4306 Maximum
761 4237 869 4305 forsan,
884 4228 1039 4307 subjiciunt
1052 4223 1242 4289 Benedictiui.

527 4346 557 4402 2.
579 4344 644 4400 Jam
658 4358 710 4397 rex
725 4331 888 4412 designatus
902 4336 965 4384 erat
981 4320 1153 4382 ludovicus.

526 4443 556 4498 3.
568 4441 678 4496 Desunt
692 4430 723 4488 in
734 4427 802 4486 edd.
813 4422 917 4482 Chesu.
927 4431 955 4476 et
966 4415 1112 4475 Benedict.
1125 4432 1210 4471 voces
1221 4425 1250 4469 et
1265 4416 1422 4488 imperavit.
1437 4413 1548 4489 Legen-

487 4532 555 4589 dutn
570 4524 738 4606 conjicimus
753 4542 760 4578 ε
777 4533 803 4575 ct
821 4518 967 4590 imperavit
978 4525 1006 4567 et
1018 4513 1187 4586 iotpaetravit.

528 4628 557 4684 l.
579 4627 703 4682 monum
715 4615 804 4675 5925.
818 4642 857 4654 -
879 4612 908 4667 5.
931 4603 1022 4684 thgd
1036 4603 1319 4679 Meuug-sur-Loire.
