3742 5667
577 771 642 826 vlu
661 769 711 826 DE
730 768 842 827 nonts
862 769 907 826 Lu
929 768 1039 829 Guos,
1292 771 1330 829 13

273 921 467 996 pauperum
494 900 657 972 extiterat
683 900 918 973 intolerabilis
941 925 1144 1000 oppressor,
1168 902 1330 976 ecclesia·

274 1039 345 1086 rum
355 1013 518 1088 crudelis
530 1019 703 1107 exactor¹,
711 1030 761 1106 et,
774 1015 956 1116 siquando
964 1017 1122 1116 episcopi
1129 1016 1185 1089 vel
1194 1019 1328 1117 praelati

274 1127 498 1222 desederant,
525 1132 863 1206 irreverentissimus
888 1147 1049 1206 retentor
1069 1148 1106 1206 et
1127 1132 1329 1233 dissipator.

275 1245 528 1344 Impouebatur
548 1273 569 1318 a
592 1245 810 1344 quibusdam
836 1248 980 1320 cuidam
1005 1248 1231 1323 nobilissimo
1253 1250 1332 1322 viro

275 1360 447 1434 Gaiterio’
460 1364 591 1436 Tirello
607 1363 706 1460 quod
723 1388 808 1435 eum
822 1365 947 1460 sagitta
962 1363 1177 1462 perfoderat.
1197 1369 1327 1456 Quem,

275 1503 349 1550 cum
366 1502 436 1548 nec
447 1479 593 1551 timeret
610 1503 677 1550 nec
693 1494 864 1576 speraret,
881 1480 1115 1577 jurejurando
1132 1480 1259 1578 saepius
1269 1506 1331 1553 au·

276 1593 425 1665 divimus
455 1609 494 1666 et
514 1595 614 1692 quasi
633 1610 897 1690 saerosanctum
913 1618 1070 1667 asserere
1086 1595 1186 1692 quod
1207 1621 1248 1667 ea
1273 1596 1333 1669 die

276 1734 332 1782 uec
344 1709 381 1780 in
400 1735 482 1782 eam
502 1726 641 1809 partem
654 1711 764 1802 silvae,
785 1712 821 1782 in
839 1735 910 1808 qua
927 1735 990 1782 rex
1005 1712 1331 1803 venabatur,vene-

276 1827 327 1914 rit,
350 1850 421 1898 uec
433 1851 519 1898 eum
544 1828 582 1898 in
606 1827 693 1900 silva
716 1827 865 1899 omnino
888 1826 1043 1900 viderit⁸.
1065 1827 1167 1899 Unde
1193 1841 1334 1900 constat

278 1956 406 2014 tantam
416 1957 493 2014 tam
504 1941 623 2014 subito
639 1942 727 2014 tanti
740 1939 856 2040 [viril⁸
871 1941 995 2014 diviua
1010 1942 1170 2040 potentia
1185 1943 1223 2015 in
1235 1942 1334 2014 savil-

278 2058 337 2130 tam
349 2060 537 2130 evanuisse
552 2058 726 2129 insaniam
746 2084 754 2128 ε
774 2071 812 2129 ut
826 2058 888 2154 qui
902 2057 991 2129 alios
1002 2083 1261 2156 supervacanee
1277 2059 1333 2130 iu·

279 2173 472 2271 quietabat,
486 2174 627 2270 gravius
649 2174 786 2246 iniiuite
808 2174 1045 2272 inquietatum
1062 2189 1097 2246 et
1123 2175 1186 2273 qui
1212 2175 1334 2247 omnia

279 2287 473 2386 appetebat,
491 2287 664 2384 inglorius
681 2287 850 2361 omnibus
867 2302 1029 2362 exuatur.
1049 2293 1125 2361 Deo
1146 2289 1256 2378 enim,
1273 2289 1334 2386 qui

279 2401 457 2474 baltheum
470 2429 596 2500 regum
623 2404 814 2500 discingit³,
844 2427 952 2498 regua
977 2418 1014 2474 et
1033 2429 1228 2500 regnorum
1252 2405 1335 2501 jura

279 2516 526 2614 subjiciuntur.
538 2517 836 2591 Successiteidem
843 2516 1164 2615 Guilleimo⁸quam
1171 2516 1335 2590 celeriter

280 2633 311 2704 in
326 2658 436 2730 reguo
447 2634 559 2706 srater
576 2635 693 2704 minor
708 2635 810 2704 natu⁷
827 2633 1014 2730 (quoniam
1031 2631 1206 2705 Robertus
1221 2634 1336 2730 major

281 2748 387 2820 inilia
414 2775 544 2846 magna
570 2747 795 2846 expeditione
822 2748 943 2821 Sancti
966 2746 1152 2848 Sepulchri
1174 2747 1332 2844 agebat),

281 2866 329 2935 vir
350 2865 650 2964 prudentissimus
673 2863 874 2953 Henricus⁸,
897 2865 999 2959 eujus
1019 2881 1094 2936 tam
1123 2862 1336 2938 admiranda

282 3005 382 3079 quam
392 2978 619 3080 praedicanda
628 2979 739 3050 animi
753 2992 788 3050 et
800 2978 962 3076 eorporis
975 2979 1165 3052 strenuitas
1175 2998 1212 3051 et
1226 2979 1339 3051 seien-

282 3100 326 3169 tia
341 3112 479 3192 gratam
494 3095 687 3181 offerrent’
706 3095 906 3167 materiam.
927 3093 998 3166 Sed
1009 3094 1060 3166 nit
1076 3110 1198 3167 nostra
1210 3094 1332 3184 refert,

282 3213 342 3284 nisi
359 3215 387 3284 si
402 3210 538 3310 aliquid
554 3210 752 3284 incidenter
761 3211 892 3283 nostris
899 3209 1133 3283 convertibile
1143 3209 1337 3307 aliquando

282 3353 344 3401 nos
356 3343 533 3428 oporteat,
546 3327 638 3399 sicut
649 3341 685 3398 et
700 3325 745 3398 de
760 3350 871 3421 regno
890 3325 1224 3422 lotharingorum¹⁰,
1239 3349 1338 3398 sum·

320 3513 350 3567 1.
370 3513 515 3567 Exauctor
532 3509 590 3566 133
604 3508 755 3566 6113710.

319 3606 351 3661 2.
373 3607 516 3662 Goalterio
534 3605 592 3661 135
613 3612 642 3659 et
665 3602 820 3659 12716-
832 3603 947 3660 Gattero
965 3599 1036 3661 edit.
1052 3600 1152 3660 Germ.
1165 3601 1195 3658 Is
1210 3595 1336 3657 eratPi-·

283 3691 335 3752 oeit
351 3707 378 3752 et
392 3693 548 3754 Pontisam
562 3692 708 3764 dominus.

322 3789 352 3845 3.
371 3791 406 3844 ln
419 3791 490 3844 silva
506 3789 644 3845 invenerit
656 3790 727 3848 133.

323 3889 353 3946 1.
373 3890 437 3943 Viri
449 3865 525 3947 inter
536 3885 658 3945 uncinos
672 3883 813 3966 adjiciunt
825 3884 1015 3946 Benedictini.

323 3981 353 4039 6.
373 3979 502 4040 Meminit
513 3979 650 4058 Sugarius
662 3977 729 4038 libri
742 3979 808 4053 Job,
824 3999 878 4054 xn,
895 3985 944 4043 18.

323 4077 354 4133 6.
375 4078 508 4134 Guilebno
523 4077 594 4134 tta.

324 4169 356 4228 7.
368 4173 440 4228 Natu
452 4169 536 4229 deest
545 4165 673 4230 iuoodd.
691 4167 769 4226 5925
781 4177 811 4224 et
824 4167 913 4239 (5265,
923 4177 1011 4245 atque
1023 4163 1054 4224 in
1068 4165 1139 4227 edd.

325 4263 358 4318 S.
375 4261 512 4321 tierricus
526 4265 551 4334 t,
565 4259 661 4320 dictus
672 4261 862 4320 Boou-Clare.

328 4355 359 4412 9.
378 4357 516 4430 Afferreut
544 4357 602 4415 54³
627 4365 658 4414 et
683 4356 757 4424 133,
784 4349 866 4427 cujus
897 4348 945 4412 hie
975 4349 1080 4412 desiuit
1110 4350 1236 4432 primurn
1263 4352 1339 4430 trag-

286 4455 420 4506 mentum.

329 4541 378 4600 16.
396 4539 649 4620 lotharinguorum
667 4544 736 4602 136.
