3742 5667
589 884 652 940 vm
670 883 722 939 DE
742 878 920 939 totusue
941 880 1049 940 GROS.
1331 882 1368 941 99

306 1027 348 1084 ut
364 1013 535 1086 secretius
545 1012 691 1110 agendis
714 1012 914 1113 provideat,
933 1011 980 1086 ad
1003 1010 1156 1085 eandem
1171 1014 1368 1088 marchiam

308 1130 548 1223 contendens,
569 1130 665 1203 viros
683 1143 786 1201 caute
800 1128 1007 1229 praemittit:
1026 1129 1088 1226 qui
1107 1144 1279 1226 tanquam
1295 1131 1370 1203 via-

308 1260 421 1337 tores,
439 1246 580 1318 loricati
597 1245 664 1318 sub
684 1245 807 1345 cappis
820 1259 856 1318 et
872 1243 997 1341 gladiis
1016 1244 1137 1334 cincti,
1156 1245 1300 1344 publica
1317 1246 1374 1338 pia

310 1359 584 1453 descendentes,
604 1360 650 1432 ad
668 1360 790 1433 villam
802 1385 881 1459 quae
901 1359 1031 1432 dicitur
1054 1359 1194 1433 Vadum
1210 1360 1371 1455 Nigasii¹,

310 1474 436 1549 villam
452 1477 652 1575 antiquam,
669 1475 831 1576 patulum
848 1491 884 1548 et
902 1490 1043 1573 gratum
1059 1476 1201 1547 Francis
1216 1474 1376 1575 praebere

311 1607 474 1693 paratam
491 1591 540 1664 ad
563 1596 789 1665 Nor-mannos
809 1616 990 1666 accessum
1021 1592 1128 1689 (quae,
1151 1596 1239 1665 Ettae
1265 1592 1376 1666 fluvio

312 1702 602 1801 circumfluente,
620 1734 703 1780 cum
721 1708 757 1780 in
781 1708 902 1781 medio
916 1712 972 1780 sul
988 1722 1106 1782 tutum
1125 1708 1293 1809 praebeat,
1318 1735 1379 1783 ex-

313 1838 370 1897 tra
382 1824 534 1896 inferius
549 1840 585 1897 et
602 1824 765 1924 superius
777 1823 882 1921 longe
896 1822 1064 1924 prohibet
1081 1824 1300 1923 transitum),
1320 1851 1380 1899 su-

314 1940 393 2013 bito
426 1965 559 2040 cappas
595 1939 794 2041 deponunt,
835 1940 973 2035 gladios
1006 1956 1201 2040 exponunt,
1241 1942 1381 2016 accolas

315 2057 645 2130 animadvertentes
670 2071 707 2129 et
729 2056 840 2129 armis
864 2057 1068 2153 gravissime
1090 2058 1290 2131 insistentes
1314 2059 1383 2131 lor·-

317 2172 456 2245 tissime
470 2172 668 2247 resistendo
684 2170 880 2271 repellunt,
898 2197 982 2244 cum
992 2172 1112 2245 subito
1126 2198 1187 2245 rex
1201 2173 1278 2271 jam
1291 2200 1379 2273 pene

317 2287 469 2380 lassatis,
487 2314 554 2388 per
572 2286 755 2361 declivum
779 2288 913 2361 montis
939 2286 1138 2387 periculose
1168 2290 1384 2384 accelerans,
1431 2284 1437 2298 ’

319 2430 426 2503 opem
444 2420 687 2504 opportunam
709 2404 802 2478 ferre
818 2404 1027 2506 praecipitat,
1046 2418 1120 2476 tam
1141 2403 1231 2477 villae
1253 2406 1385 2477 atrium

320 2544 432 2617 quam
458 2521 636 2592 munitam
663 2536 761 2593 turre
795 2522 993 2611 ecclesiarn,
1025 2545 1100 2592 non
1131 2521 1207 2593 sine
1238 2544 1386 2594 suorum

321 2634 474 2729 damno,
492 2639 672 2735 occupat¹.
698 2639 861 2734 Cumque
879 2660 1002 2732 regem
1019 2636 1149 2731 Angliae
1169 2660 1283 2735 prope
1301 2660 1386 2710 cum

323 2752 482 2825 exercitu
513 2751 642 2845 multo,
667 2767 709 2824 ut
736 2776 877 2851 semper
906 2751 1107 2841 consuevit,
1131 2752 1386 2851 comperisset,

323 2867 481 2939 barones
503 2892 587 2940 suos
610 2867 761 2959 asciscit,
787 2866 988 2964 adjurando
1007 2881 1050 2939 ut
1068 2892 1105 2939 se
1121 2883 1315 2965 sequantur
1332 2869 1388 2940 in-

324 2985 424 3056 vitat.
446 2983 645 3056 Adventare
660 2983 827 3055 festinant
841 3007 965 3056 comes
976 2982 1149 3056 Flandriae
1164 2984 1357 3056 Balduinus
1363 2987 1385 3078 ⁸,

325 3100 490 3199 apprime
513 3098 689 3192 militaris,
719 3098 859 3199 elegans
877 3100 1020 3194 juvenis
1038 3114 1074 3171 et
1098 3099 1245 3186 facetus,
1269 3124 1390 3173 comes

329 3213 590 3311 tndegavensis
612 3214 749 3304 Fulco⁸,
768 3214 946 3313 multique
963 3215 1064 3310 regni
1085 3216 1289 3313 optimateS,
1313 3218 1390 3314 qui,

328 3347 435 3428 rupta
447 3330 676 3402 Normanniae
692 3330 871 3422 clausura,
891 3330 980 3401 dum
994 3330 1053 3401 alii
1070 3330 1192 3402 villam
1207 3332 1390 3425 muniunt,

331 3446 389 3517 alii
402 3462 549 3537 terram
568 3446 674 3542 longa
690 3470 777 3545 pace
789 3446 964 3544 opimam,
981 3458 1054 3517 tam
1066 3447 1197 3544 rapinis
1213 3471 1323 3545 quam
1339 3447 1394 3519 in-

333 3560 469 3635 cendiis
481 3575 678 3660 exponunt,
691 3576 738 3652 et,
759 3561 859 3659 quod
875 3560 1061 3633 insolitum
1077 3560 1205 3653 fuerat,
1225 3579 1396 3662 praesente

336 3700 417 3771 rege
436 3675 649 3772 anglorum,
675 3677 957 3775 circumquaque
976 3675 1200 3749 devastantes
1224 3679 1395 3751 intolera-

337 3790 456 3863 biliter
467 3792 707 3864 confundunt.

385 3910 524 3979 Interea
538 3906 637 3980 idem
659 3934 720 3979 rex
740 3909 872 4005 Anglioe
892 3908 1026 3981 castelli
1048 3922 1260 4008 apparatum
1284 3910 1398 3983 multa

342 4024 505 4097 instantia
533 4039 716 4122 praeparat,
743 4049 913 4123 operosos
937 4024 1120 4118 sollicitat,
1150 4040 1188 4097 et
1216 4024 1304 4099 dum
1338 4051 1400 4099 rex

381 4228 527 4382 linlulgd
548 4233 689 4303 Gomon
713 4234 813 4305 casas
831 4230 946 4310 (Eure).
972 4231 1017 4292 cf.
1039 4233 1144 4297 Order.
1170 4232 1276 4311 Vitat,
1297 4231 1348 4298 lib.
1376 4237 1401 4291 V

346 4334 374 4381 ei
444 4368 452 4382 .

385 4420 416 4478 Ξ.
429 4418 594 4497 occupabat
607 4421 718 4480 terto.

387 4516 417 4574 ³.
434 4513 591 4574 Balduinus
600 4516 666 4586 Vll,
678 4512 850 4590 cognomine
866 4516 893 4569 A
903 4517 934 4569 la
944 4513 1030 4569 haclea
1044 4533 1094 4577 seu
1108 4515 1235 4592 Huplin.

387 4612 416 4669 l.
430 4608 519 4669 l‘nlco
532 4612 570 4689 V,
583 4608 682 4689 postea
694 4626 745 4667 rex
757 4604 1046 4683 Hierosolymitanus.
