3742 5667
737 766 909 836 Lemures.
1308 779 1367 839 269

308 908 470 983 fidelium
492 908 530 980 in
549 906 639 981 urbe
663 909 881 982 tnuochena
901 908 1178 1001 obsessionem,
1201 935 1244 983 ex
1259 911 1368 985 literis

308 1050 387 1124 quae
404 1049 425 1097 a
442 1022 605 1124 partibus
623 1023 691 1097 illis
710 1024 835 1099 delatae
860 1043 956 1118 sunt,
981 1026 1228 1121 cognovimus,
1252 1041 1288 1099 et
1315 1026 1363 1099 ad

308 1167 413 1213 aures
424 1155 557 1213 vestras
569 1140 771 1239 pervenisse
785 1167 858 1214 non
868 1140 1094 1237 ambigimus.
1105 1141 1194 1215 lnde
1206 1141 1368 1239 estquod

310 1256 573 1355 archiepiscopi
594 1271 630 1328 et
652 1256 823 1356 episcopi,
840 1260 927 1356 quin
946 1258 1055 1331 etiam
1078 1257 1245 1331 dominus
1258 1281 1319 1329 rex
1333 1271 1370 1329 ct

311 1373 409 1471 regni
422 1373 628 1471 optimates,
649 1386 685 1444 et
706 1397 773 1445 nos
794 1399 901 1473 super
922 1373 995 1446 boc
1017 1373 1180 1447 Lauduni
1200 1372 1369 1446 conveni-

310 1514 410 1581 mus3
429 1503 467 1560 et
485 1512 597 1585 usque
619 1486 711 1559 adeo
731 1513 788 1561 res
810 1490 994 1589 processit,
1017 1489 1117 1587 quod
1140 1487 1370 1587 quindecimo

311 1606 370 1679 die
384 1618 467 1705 post
486 1619 628 1689 octavas
648 1604 806 1677 Paschae¹
826 1606 973 1677 Carnoti
990 1605 1200 1701 generaliter
1213 1629 1370 1678 conven-

312 1736 390 1794 tum
407 1718 588 1793 celebrare
605 1743 710 1818 super
728 1719 798 1793 hac
814 1745 932 1815 causa,
956 1735 992 1807 et
1011 1720 1206 1793 multarum
1223 1721 1370 1820 provin-

313 1836 448 1909 ciarum
460 1834 758 1934 archiepiscopos,
778 1838 978 1936 episcopos,
996 1835 1145 1909 abbates
1157 1860 1368 1928 convocare,

313 1968 348 2025 et
370 1976 437 2051 pro
449 1950 559 2023 domo
576 1952 642 2022 Dei
653 1976 799 2023 murum
814 1976 881 2023 nos
898 1976 1095 2051 opponere,
1114 1966 1288 2049 tantoque
1307 1953 1372 2024 do-

315 2068 380 2140 lori
400 2092 492 2165 pene
508 2066 753 2139 inconsolabili
772 2067 933 2140 consulte
955 2066 1155 2167 providere,
1172 2082 1267 2141 etue
1283 2065 1373 2139 fides

315 2182 360 2255 ab
381 2182 450 2255 illis
470 2184 712 2256 sacratissimis
736 2183 824 2256 locis
847 2185 1106 2258 exterminetur
1125 2210 1147 2257 a
1171 2184 1304 2283 quibus
1325 2182 1373 2255 ad

315 2323 379 2370 nos
392 2296 577 2396 deportata
593 2311 660 2390 est,
674 2298 740 2370 Dei
755 2298 996 2371 misericordia
1007 2298 1231 2399 praecedente
1246 2314 1282 2372 et
1293 2298 1374 2371 sub

316 2427 497 2511 sequente,
511 2412 761 2487 omnimodam
773 2439 919 2513 operam
932 2415 1106 2488 adhibere
1118 2416 1370 2514 disposuimus.

317 2535 360 2601 Et
379 2531 464 2627 quia
484 2530 668 2628 praesentia
693 2546 810 2603 vestra
835 2531 919 2603 huic
936 2547 1037 2604 tanto
1058 2533 1160 2630 operi
1177 2532 1373 2629 plurimum

315 2660 406 2717 esset
421 2646 630 2739 necessaria,
643 2670 685 2717 ex
703 2660 802 2745 parte
816 2647 894 2739 Dei,
911 2648 1012 2744 cujus
1023 2662 1077 2719 est
1087 2672 1206 2738 causa,
1220 2628 1373 2745 proquo

317 2761 410 2833 etin
431 2784 612 2833 carcerem
634 2776 670 2832 et
692 2761 728 2832 in
747 2776 902 2835 mortem
921 2763 973 2835 ire
990 2788 1132 2863 semper
1155 2763 1271 2863 parati
1299 2786 1375 2834 esse
1483 2784 1486 2791 ’

317 2876 504 2970 debemus,
520 2902 563 2950 ex
574 2877 925 2979 archiepiscoporum
942 2893 978 2952 et
992 2881 1241 2979 episcoporum
1255 2893 1369 2978 parte,

315 2994 378 3092 qui
405 2994 500 3066 bano
522 2992 628 3067 nobis
653 2993 957 3069 submonitionem
987 2995 1233 3094 injunxerunt,
1266 3008 1303 3066 et
1331 3018 1374 3066 ex

317 3122 452 3201 nostra,
474 3106 721 3180 eebitudinem
736 3123 894 3181 vestram
911 3108 1059 3208 praefato
1075 3110 1230 3181 termino
1243 3121 1280 3179 et
1293 3107 1375 3179 loco

315 3223 400 3297 huic
414 3239 488 3296 tam
508 3222 651 3319 egregio
668 3222 762 3297 lacto
780 3222 950 3297 interesse
968 3240 1005 3297 et
1024 3223 1215 3297 invitamus
1233 3237 1269 3296 et
1288 3220 1376 3294 snb-

317 3364 506 3413 monemus
520 3355 557 3412 et
571 3340 780 3439 suppliciter
793 3340 1041 3437 efflagitamus.
1053 3343 1243 3429 Caeterum,
1257 3352 1297 3410 ut
1310 3335 1376 3409 has

316 3456 400 3529 alias
421 3456 541 3529 literas
554 3454 704 3528 domino
719 3455 949 3552 Lugdunensi
964 3456 1132 3529 citissime
1144 3453 1314 3551 dirigatis,
1329 3476 1376 3525 ne

318 3597 359 3647 ex
379 3598 482 3647 mora
499 3572 724 3645 occasionem
742 3596 816 3645 non
832 3572 1001 3646 veniendi
1016 3570 1159 3663 habeat,
1173 3570 1371 3666 rogamus'.

356 3770 386 3825 l.
402 3764 447 3826 Cf.
463 3761 603 3824 Willelm.
616 3766 701 3842 Tyn,
716 3761 874 3839 lib.lel,
888 3782 954 3843 cap.
971 3767 1003 3835 9,
1025 3776 1055 3822 et
1066 3761 1177 3821 litteras
1187 3758 1311 3840 dapiferi
1322 3758 1378 3819 mi-

317 3858 383 3919 litie
394 3856 508 3938 Templi
518 3858 556 3916 ad
566 3856 727 3917 Ebrardnm
740 3860 792 3915 des
802 3863 919 3934 Bauer,
932 3855 1062 3939 ejusdem
1072 3856 1181 3916 militiae
1195 3854 1375 3935 magistrum,

316 3952 346 4015 in
361 3956 514 4032 Spicileg„
526 3952 582 4027 lll,
597 3954 667 4011 sot.

355 4051 386 4109 2.
401 4050 472 4107 Erec
485 4045 559 4123 dies,
571 4066 648 4106 anno
661 4048 753 4119 1¹50,
768 4058 831 4105 erat
848 4046 917 4106 maii
928 4060 1042 4107 octava.

357 4148 387 4204 3.
410 4144 454 4200 Ex
474 4140 543 4198 tter.
560 4138 865 4218 gollic.scr1‘ploribus,
887 4142 953 4215 XV,
979 4141 1050 4199 52³.
1066 4168 1104 4184 -
1125 4136 1262 4197 sibeton.
1279 4139 1378 4210 Cium,

318 4236 374 4298 ool.
388 4236 463 4307 9183
478 4232 556 4308 inter
568 4232 654 4313 epist.
670 4231 748 4293 Petri
757 4235 877 4309 Vener„
889 4232 941 4296 lib.
951 4236 1002 4306 vl,
1012 4252 1058 4312 ep.
1069 4228 1253 4307 ra-Quid
1266 4227 1297 4287 in
1308 4247 1382 4287 con-

318 4340 406 4390 ventu
418 4325 590 4388 Carnotensi
607 4337 702 4385 actum
721 4324 757 4385 sit
775 4325 860 4385 docet
878 4326 915 4388 lr.
930 4324 1105 4399 willelmus,
1122 4323 1153 4384 in
1173 4320 1285 4402 sugerii
1304 4320 1380 4395 Vita,

319 4420 405 4494 inira,
417 4418 469 4480 lib.
481 4422 536 4482 lll.
558 4415 740 4498 Cl.1·2ngcnii
753 4436 835 4499 pape
857 4416 978 4494 litteras,
999 4418 1030 4481 in
1049 4420 1154 4477 Iterum
1172 4420 1245 4498 gall.
1266 4422 1382 4494 script„

320 4516 385 4588 XV,
406 4516 477 4575 lta.
946 4529 951 4544 ‘
