3742 5667
757 795 935 856 ouantes.
1313 805 1371 864 337

317 953 392 1001 non
405 941 473 1014 est,
488 929 694 1026 imputetur.
709 926 934 1000 Potissimum
951 927 1047 1001 enim
1062 929 1137 1003 haec
1149 934 1372 1032 reponimus,

318 1060 360 1116 ut
381 1066 627 1116 successorum
647 1042 798 1114 fratrum
813 1057 850 1115 et
865 1042 1142 1118 benivolentiam
1156 1063 1193 1120 et
1208 1047 1374 1123 devotio-

318 1182 402 1230 nem
414 1157 649 1256 acquiramus.
661 1160 793 1230 Verum
806 1158 892 1256 quia
904 1159 1181 1232 elemosinarum
1191 1159 1377 1260 largitione

318 1289 466 1372 peccata
479 1271 718 1364 redimuntur,
735 1273 773 1344 in
784 1271 854 1345 hoc
874 1273 982 1346 etiam
1001 1274 1127 1348 fratres
1142 1277 1255 1349 nostri
1271 1277 1377 1351 caris-

318 1388 400 1460 simi
417 1387 508 1460 mihi
523 1387 752 1487 providentes
770 1386 872 1460 firma
887 1389 1070 1462 sanctione
1084 1390 1322 1484 constituunt,
1338 1407 1378 1466 ut

317 1507 420 1577 omui
437 1528 549 1594 anno,
569 1503 629 1576 die
648 1504 877 1576 anniversarii
890 1504 976 1597 mei,
994 1531 1104 1604 panes
1120 1506 1276 1581 duorum
1292 1532 1377 1582 mo·

318 1618 465 1692 diorum
481 1619 664 1709 frumenti,
678 1634 834 1717 quatuor
846 1621 988 1694 modios
997 1622 1085 1714 vini,
1099 1624 1277 1719 sexaginta
1292 1626 1377 1697 soli-

319 1736 421 1809 datas
444 1734 620 1827 carnium,
643 1750 716 1807 tarn
736 1735 840 1836 prior
868 1734 976 1834 hujus
1004 1734 1158 1810 ecclesiae
1180 1762 1289 1835 quam
1311 1739 1379 1812 ele·

317 1851 533 1923 mosinarius
541 1849 753 1942 monachus,
767 1863 808 1922 ut
820 1851 927 1923 etiam
939 1866 976 1924 et
991 1851 1056 1952 ipsi
1070 1853 1106 1924 in
1118 1853 1190 1926 hoc
1203 1853 1378 1928 beneficio

317 1966 544 2065 participent,
569 1990 608 2038 se
635 1980 805 2064 presente
825 1965 994 2040 distribui
1026 1966 1181 2041 saciant:
1211 1969 1379 2045 videlicet

319 2083 357 2154 in
378 2082 455 2180 ipsa
474 2104 604 2177 magna
624 2079 737 2153 domo
761 2079 956 2180 hospitum,
983 2096 1024 2154 ut
1047 2097 1082 2155 et
1103 2081 1203 2156 locus
1222 2099 1376 2186 etopus,

319 2198 479 2269 Domino
500 2197 701 2287 miserante,
726 2195 832 2269 nobis
853 2214 1094 2296 cooperentur
1108 2199 1144 2270 in
1157 2198 1310 2273 bonum.
1335 2206 1381 2274 Et

320 2312 411 2385 dum
430 2335 605 2412 pauperes
627 2311 791 2384 canonici
811 2311 848 2383 in
867 2311 980 2384 domo
1003 2313 1125 2386 Sancti
1145 2315 1246 2387 Pauli
1257 2318 1280 2406 ¹,
1303 2317 1382 2413 quiss

319 2427 391 2500 bus
405 2425 514 2500 etiam
531 2449 597 2524 pro
612 2426 774 2498 remedio
791 2426 916 2498 anime
931 2449 1020 2498 mee
1034 2425 1173 2524 aliquid
1188 2428 1376 2526 adquisivi,

322 2542 431 2616 etalii
443 2540 563 2614 clerici
581 2539 767 2639 capellani,
786 2565 871 2614 cum
885 2540 1120 2641 persolverint
1135 2541 1264 2618 nobis'
1279 2542 1380 2617 debi-

322 2671 401 2731 tum
416 2657 665 2747 anniversarii,
696 2671 759 2728 aut
781 2657 818 2728 in
836 2655 984 2730 ccclesia
1006 2658 1126 2730 Sancti
1147 2659 1243 2731 Pauli
1259 2672 1322 2731 aut
1343 2659 1380 2732 in

323 2772 404 2846 looo
419 2772 610 2872 sepulture
627 2796 728 2862 meve,
749 2772 779 2844 si
799 2772 865 2845 Dei
885 2771 1132 2846 misericordia
1152 2772 1223 2847 hoc
1244 2775 1283 2847 in
1300 2773 1381 2846 loco

322 2883 411 2957 mihi
426 2907 508 2956 eam
523 2881 725 2974 indulserit,
747 2883 785 2954 in
801 2881 993 2956 refectorio
1014 2907 1081 2954 suo
1103 2885 1331 2974 conveniant,
1347 2897 1384 2956 et

324 2995 369 3068 de
400 3018 444 3067 ea
474 3018 585 3092 quam
606 3018 716 3093 supra
741 2991 1058 3067 determinavimus
1083 2992 1277 3067 elemosina
1301 3018 1382 3066 mo-

323 3106 427 3179 dium
445 3105 521 3178 vini
541 3119 576 3177 et
595 3119 742 3179 centum
756 3128 866 3203 panes
886 3102 934 3177 ad
959 3102 1087 3178 libram
1112 3117 1148 3177 et
1172 3104 1382 3202 qualitatem

324 3217 476 3290 fratrum
503 3241 526 3289 a
560 3217 681 3315 priore
716 3235 752 3290 ct
781 3214 1031 3288 elemosinario
1060 3214 1245 3315 recipiant.
1278 3215 1381 3290 Unde

324 3351 411 3398 vero
430 3340 467 3400 et
484 3325 547 3400 ubi
564 3340 637 3398 tam
655 3325 874 3398 trumentum
897 3347 1008 3422 quam
1024 3325 1148 3398 vinum
1165 3339 1201 3398 et
1215 3325 1383 3397 denarios

323 3440 494 3533 habeant,
520 3439 758 3514 determinare
782 3439 1018 3512 curavimus:
1040 3439 1208 3514 videlicet
1228 3439 1265 3511 in
1286 3454 1384 3512 tem·

321 3581 410 3656 pore
423 3558 546 3630 messis
561 3557 819 3631 aTrembliaco
835 3555 1074 3648 frumentum
1090 3557 1189 3628 eam'
1202 3555 1298 3627 enim
1313 3553 1382 3627 ibi·

324 3670 410 3745 dem
425 3673 581 3764 multum
600 3669 908 3771 amplificavimus,
925 3685 962 3743 et
979 3668 1016 3742 in
1032 3667 1184 3743 aedificio
1200 3667 1383 3742 exterioris
1461 3659 1469 3674 ’

324 3787 433 3860 curiae
459 3802 495 3860 et
518 3787 747 3879 horreorum,
773 3798 810 3858 et
835 3785 913 3857 aliis
936 3782 1224 3882 quibuscumque
1249 3783 1380 3856 modis.

327 3906 416 3976 item
444 3918 482 3976 et
498 3903 537 3976 in
553 3917 717 4002 tempore
729 3897 919 3976 vindemia
940 3925 961 3972 a
986 3900 1113 3972 ituoilo
1128 3899 1287 3998 quinque
1301 3923 1383 3972 mo·

325 4017 407 4092 dios
421 4018 509 4110 vini,
529 4018 575 4092 de
599 4043 641 4091 ea
659 4042 770 4117 quam
787 4016 936 4089 fecimus
958 4013 1056 4115 apud
1071 4019 1279 4088 lovacenas
1292 4037 1387 4086 nova

327 4133 571 4232 acquisitione.
597 4131 862 4232 Adquisivimus
885 4130 984 4204 enim
1005 4129 1055 4203 ibi
1073 4129 1184 4204 ferme
1205 4128 1385 4224 sexaginta

327 4249 470 4324 modios
485 4249 560 4323 vini
572 4248 673 4323 omni
685 4273 793 4322 anno.
809 4247 984 4322 Denarios
995 4271 1097 4339 vero,
1107 4246 1153 4321 de
1168 4249 1385 4318 Francorum

368 4442 399 4499 t.
413 4441 448 4499 n
460 4437 533 4499 111
543 4437 641 4499 sanos
656 4435 783 4515 otonysn
793 4435 857 4497 11.

367 4534 397 4591 2.
413 4530 502 4592 uoto
514 4531 595 4592 deest
604 4529 636 4591 in
648 4530 719 4595 edit.
731 4528 838 4592 chesn.
863 4561 903 4576 -
923 4533 955 4590 ³.
973 4533 1031 4588 aas
1046 4526 1077 4588 in
1089 4525 1162 4608 orig.
1174 4523 1285 4589 1111111.

1229 4635 1269 4692 ss
