3742 5667
454 822 512 879 aas
674 812 837 875 (novans
856 792 1069 872 connatam
1088 812 1140 869 na
1159 808 1295 871 soora.

503 958 573 1025 Pro
598 966 691 1023 terra
712 946 808 1021 Beati
832 945 995 1044 Dionysii
1009 943 1055 1017 de
1068 942 1288 1017 Bernevalle¹
1306 958 1342 1017 et
1362 942 1409 1015 de
1428 948 1523 1017 Bos-

454 1068 573 1165 cagio,
599 1089 709 1165 quam
739 1063 912 1161 gloriosus
943 1085 1006 1134 rex
1037 1062 1213 1134 uenrieus
1240 1060 1349 1133 etiam
1371 1084 1522 1157 guerra·

453 1208 536 1259 rum
560 1198 721 1282 tempore
744 1179 850 1253 solito
872 1177 1076 1275 diligentius
1095 1176 1241 1251 illaesam
1259 1175 1409 1251 omniuo
1425 1202 1522 1251 oon·

454 1301 585 1374 servari
607 1296 775 1389 iaciebat,
798 1310 836 1368 ut
853 1294 1012 1392 idipsum
1032 1294 1165 1367 faciatis
1182 1293 1315 1367 obnixe
1333 1318 1520 1389 rogamus.

455 1422 527 1491 Nec
540 1416 637 1490 euim
657 1414 843 1487 occasione
861 1436 1071 1509 guerrarum
1090 1416 1308 1485 Francorum
1329 1410 1402 1484 sive
1425 1415 1525 1484 Nor-

456 1556 669 1605 mannorum
692 1528 931 1631 possessiones
955 1527 1185 1603 ecclesiarum
1200 1527 1257 1601 vel
1273 1525 1520 1620 abbatiarum,

456 1648 672 1747 ubicumque
699 1646 772 1720 sitae
801 1645 889 1737 sint,
927 1645 1001 1718 sive
1033 1646 1071 1717 in
1102 1645 1339 1736 Normanuia,
1370 1645 1445 1718 sive
1478 1646 1520 1717 in

455 1766 615 1854 Francia,
633 1762 712 1839 laedi
726 1759 783 1837 vel
796 1760 909 1835 minui
920 1760 1063 1835 solent¹.

679 2153 750 2202 XVI.
778 2154 827 2202 AD
851 2152 970 2202 arom
996 2150 1202 2201 LUDOVICU!
1225 2152 1290 2199 vu.

456 2422 546 2496 Suger
561 2418 673 2492 supplic
694 2418 721 2473 Ie
739 2420 783 2472 roi
801 2416 838 2472 de
858 2414 978 2493 dr'fferer
1000 2434 1050 2473 son
1073 2416 1242 2491 capiditr'on
1260 2426 1355 2471 contre
1378 2414 1406 2470 le
1432 2424 1525 2469 come

494 2508 630 2585 Major,
646 2520 676 2566 et
687 2506 849 2567 danem
861 2508 882 2565 a
896 2528 927 2567 ce
940 2509 1018 2582 sajet
1029 2508 1112 2567 iocis
1124 2510 1175 2567 des
1185 2510 1297 2585 pre'tm
1309 2521 1338 2566 et
1349 2508 1401 2565 des
1410 2508 1524 2586 grands

498 2604 537 2660 du
549 2620 693 2679 myaume.

935 2762 1036 2836 (arao)

506 2971 696 3045 Carissimo
720 2971 883 3064 domino,
903 2973 969 3045 Dei
996 2974 1122 3069 gratia,
1148 2974 1222 3070 regi
1242 2977 1462 3047 Francorum
1484 2989 1526 3047 et

460 3088 545 3162 duci
560 3089 823 3187 Aquitanorum
844 3088 1041 3181 Ludovim,
1058 3090 1224 3186 Sugerius
1244 3090 1342 3161 Beati
1359 3090 1527 3187 Dionysii

458 3204 584 3295 abbas,
595 3204 743 3277 devotas
756 3204 793 3274 in
806 3202 948 3275 Christo
960 3206 1139 3277 orationes
1153 3220 1189 3277 et
1200 3204 1306 3277 fidele
1321 3205 1525 3278 servitium.

509 3321 620 3416 Regiae
630 3318 821 3417 majestatis
832 3318 1102 3413 celsitudini,de
1113 3344 1184 3419 qua
1192 3320 1526 3419 semperconiidere

459 3436 723 3522 consuevimus,
740 3432 872 3506 obnixe
885 3436 1140 3535 supplicamus,
1155 3450 1336 3509 necontra
1352 3437 1526 3507 comitem

460 3548 769 3645 Andcgavensem,
799 3572 908 3645 quem
944 3550 1074 3622 ducem
1103 3552 1328 3622 Normanniae
1353 3550 1522 3641 fecistis',

460 3664 595 3761 absque
619 3662 770 3735 consilio
797 3664 1149 3764 archiepiscoporum
1178 3680 1215 3738 et
1243 3666 1521 3764 episcoporum,

502 3880 531 3936 i.
547 3879 590 3934 De
605 3875 661 3935 hac
674 3875 840 3951 terra,vide
851 3875 966 3955 Sugerii
979 3874 1138 3937 librumDe
1148 3874 1231 3934 rebru
1241 3879 1271 3931 iu
1278 3876 1528 3936 administratione

461 3976 514 4027 sud
525 3974 623 4049 gestis,
636 3988 701 4049 cap.
721 3974 771 4029 2³.

501 4066 532 4125 2.
547 4066 591 4122 Ex
608 4062 727 4139 Chesn.,
745 4065 796 4141 IV,
818 4067 886 4123 ott.
899 4065 1015 4125 -Iier,
1033 4066 1131 4142 gallic.
1148 4068 1292 4140 scriptor.²
1307 4066 1373 4142 XV,
1390 4066 1461 4125 520.
1476 4060 1523 4125 Cf.

335 4165 342 4180 '
461 4157 574 4217 comitis
588 4156 805 4234 andegavensis
819 4175 991 4236 responsum
1006 4154 1106 4235 (ibin,
1120 4155 1200 4234 521).

503 4254 532 4309 3.
546 4247 713 4308 Hominium
723 4270 777 4329 pro
786 4249 962 4311 Normannia
973 4248 1119 4329 praecipua
1133 4260 1196 4308 erat
1207 4247 1295 4330 hujus
1305 4249 1525 4309 contestationis

462 4362 559 4401 causa.
576 4346 654 4402 Iram
668 4344 744 4422 regis
755 4346 916 4404 incurrerat
930 4343 1017 4403 etiarn
1031 4342 1249 4420 andegavensis
1261 4363 1357 4403 comes
1372 4343 1527 4404 obsidione

463 4436 550 4493 castri
587 4438 859 4501 Monasterioiensis.
886 4443 920 4504 V.
948 4444 1052 4499 Iterum
1079 4442 1178 4517 gallic.
1210 4444 1324 4514 scripu,
1352 4440 1429 4512 xri,
1464 4440 1523 4498 127

467 4541 497 4589 et
510 4532 580 4591 1181.
