3742 5667
502 807 559 871 aas
719 803 883 864 muvnns
902 791 1116 863 comesurus
1136 803 1185 861 nn
1206 803 1340 863 suonn.

504 1177 551 1223 tv·
579 1175 626 1224 ult
645 1173 970 1224 commemorationis
997 1173 1134 1223 SANCTAE
1150 1173 1272 1223 MARIAE
1294 1175 1383 1224 trun
1401 1174 1565 1224 suumn

553 1265 764 1334 monem*
784 1285 942 1334 stttoums
954 1285 1124 1334 summast
1126 1286 1169 1352 18,
1189 1285 1340 1334 SABBATO
1352 1285 1507 1335 scalceo·
1521 1287 1564 1334 ET

551 1397 682 1458 Quum
710 1397 833 1467 ruitis,
863 1397 906 1444 ΕΤ
932 1397 979 1444 DE
1004 1395 1214 1446 structione
1244 1397 1409 1446 mutuum
1425 1399 1562 1456 ¹HSDEM

551 1507 682 1557 mnus,

504 1774 596 1848 Suger
608 1772 725 1826 institue
742 1769 816 1824 daus
830 1764 960 1841 t‘abiaye
977 1787 1015 1824 un
1028 1767 1112 1844 office
1130 1765 1350 1826 hebdomadaire
1363 1771 1400 1827 de
1414 1775 1444 1828 la
1454 1773 1564 1831 Sainte-

546 1869 576 1922 V
573 1870 650 1941 ierge
664 1877 693 1922 et
707 1883 745 1920 un
757 1874 841 1920 outre
849 1863 886 1918 de
896 1865 1097 1922 Satn-uenis.
1109 1864 1139 1920 Il
1150 1863 1242 1919 donne
1254 1883 1315 1920 aua
1329 1866 1481 1943 religt'eur,
1490 1887 1564 1942 pour

544 1972 617 2018 cette
638 1959 800 2035 fundatior,
814 1961 855 2014 les
869 1958 961 2015 dtmes
979 1957 1019 2014 du
1033 1961 1139 2030 Venia,
1159 1961 1243 2016 celles
1255 1960 1293 2015 de
1312 1961 1521 2018 Setini-Leimon
1536 1976 1565 2020 et

544 2057 678 2129 quelqms
690 2065 785 2109 autres
798 2069 925 2109 reeeuus.
945 2055 978 2109 Ii
992 2054 1098 2127 stipulo
1116 2055 1271 2128 &galement
1292 2057 1321 2110 Ia
1339 2052 1509 2112 celeimtton
1529 2058 1564 2113 de

545 2166 594 2203 sou
607 2149 802 2202 anniversaire
814 2145 889 2200 etde
901 2147 974 2201 celui
989 2145 1027 2200 du
1039 2149 1083 2200 roi
1096 2147 1182 2202 Louis
1195 2147 1223 2202 le
1238 2147 1318 2206 Gros.

934 2300 1023 2382 (Vera
1044 2301 1140 2381 11³0)

555 2529 597 2597 ln
617 2523 764 2596 nomine
779 2521 892 2594 Patris
912 2533 948 2592 et
974 2519 1052 2591 Filii
1073 2534 1108 2592 et
1126 2519 1278 2618 Spiritus
1294 2519 1417 2602 sancti.
1436 2525 1562 2593 Amen.

510 2643 581 2736 Ego
595 2637 773 2734 Sugarius,
784 2637 852 2709 Dei
862 2637 988 2732 gratia,
1000 2634 1155 2707 ecclesiae
1168 2632 1357 2707 beatorum
1366 2649 1565 2734 martyrum

505 2753 681 2852 Dionysii,
706 2753 837 2823 Rustici
854 2764 890 2824 et
905 2749 1096 2822 Eleutherii
1119 2750 1267 2822 humilis
1283 2751 1455 2822 minister.
1473 2753 1565 2840 Quia

506 2872 601 2968 larga
615 2869 680 2942 Dei
695 2868 951 2966 omnipotentis
964 2866 1231 2966 propitiatione,
1246 2882 1370 2939 contra
1382 2892 1484 2967 spem
1495 2893 1565 2940 me

509 2988 589 3078 riti,
614 3009 757 3057 morum
778 2999 815 3056 et
837 2984 988 3079 generis,
1018 2982 1232 3080 parvitatem
1252 2998 1433 3070 nostram,
1458 2983 1564 3055 etiarn

509 3103 695 3174 absentem
709 3115 745 3172 et
760 3099 909 3172 incuria
924 3122 1073 3170 romana
1085 3098 1366 3194 negociantem¹,
1379 3099 1425 3171 ad
1437 3114 1566 3172 sanctae

511 3219 618 3315 hujus
653 3215 809 3288 ecclesiae
840 3213 1191 3286 administrationem
1228 3214 1435 3305 accessisse,
1475 3212 1565 3286 divi-

511 3355 665 3429 namque
679 3331 875 3428 potentiam
891 3353 950 3400 me
969 3327 1015 3400 de
1031 3327 1196 3400 manibus
1214 3327 1458 3421 inimicorum,
1474 3354 1567 3426 quae·

509 3449 667 3521 rentium
681 3447 839 3518 animam
852 3469 983 3534 meam,
997 3445 1035 3515 in
1051 3443 1119 3515 hac
1133 3443 1260 3515 eadem
1283 3459 1403 3517 saneta
1420 3446 1565 3518 ecclesia

510 3560 739 3636 laudabiliter
747 3585 789 3633 ac
800 3559 1011 3632 mirabiliter
1024 3557 1213 3631 liberatum
1222 3559 1567 3657 eripuisseveraciter

509 3692 677 3752 constat:
699 3677 803 3751 decet
825 3690 862 3748 et
884 3675 1034 3747 omnino
1055 3673 1197 3772 expedit
1223 3673 1407 3771 pusillitati
1438 3691 1567 3748 nostru

510 3810 589 3867 toto
615 3791 745 3864 mentis
771 3790 901 3863 ellectu
934 3813 1015 3861 eam
1040 3787 1292 3861 commendare
1321 3805 1357 3862 et
1388 3789 1564 3880 exaltare,

512 3912 707 4006 fratresque
729 3922 871 3979 nostros
891 3903 1050 3977 Domino
1064 3908 1141 3976 Deo
1158 3903 1371 3977 famulantes
1390 3905 1566 3978 honorare

509 4042 546 4099 et
565 4028 704 4117 fovere3
724 4038 760 4097 et
786 4039 827 4096 ut
844 4022 956 4095 divini
978 4037 1013 4094 et
1030 4021 1199 4093 humani⁸
1214 4021 1330 4094 cultus
1349 4021 1566 4095 exhibitione

548 4255 579 4310 l.
592 4249 639 4310 Sic
653 4249 744 4310 Felib.
757 4260 787 4308 et
799 4247 905 4308 chesn.
918 4279 959 4293 —
969 4252 1082 4308 Sancus
1093 4250 1201 4306 Maria
1217 4251 1349 4322 Dionysii
1368 4246 1524 4306 chartular.

549 4346 580 4404 2.
596 4343 639 4402 Cl.
655 4343 751 4401 Vitam
763 4340 903 4401 Lndoviei
917 4339 1028 4414 Grossi,
1041 4359 1106 4420 cap.
1118 4361 1200 4402 xxvi.

551 4437 581 4496 ³.
593 4435 641 4494 Sic
661 4433 798 4513 chartul,
812 4447 899 4511 atque
916 4433 984 4494 edd.
1001 4432 1093 4496 Felib.
1108 4445 1136 4492 et
1150 4431 1238 4494 Dubl.
1255 4467 1291 4480 —-
1307 4438 1347 4496 Ut
1363 4449 1391 4494 et
1405 4434 1496 4492 divini
1506 4439 1565 4492 cul·

509 4542 554 4586 tus
568 4527 614 4588 ed.
630 4526 758 4588 chesnii.
