3742 5667
462 790 535 849 SUR
555 788 624 849 SON
644 789 964 848 tuttttttstntttott
983 790 1201 850 tantulae,
1303 793 1361 851 tat

302 920 592 1013 acceleravimus,
611 936 647 993 et
663 921 804 1020 utrique
822 920 921 993 lateri
937 946 1062 993 aureas
1080 922 1297 1021 apponendo
1309 937 1362 996 ta·

302 1035 416 1131 bulas,
435 1052 603 1136 quartam
618 1036 727 1109 etiam
740 1036 1008 1138 preciosiorem,
1023 1052 1063 1109 ut
1075 1053 1194 1111 totum
1208 1040 1362 1114 circum-

301 1178 443 1253 quaque
462 1154 573 1227 altare
592 1168 780 1252 appareret
798 1177 962 1245 aureum,
986 1152 1186 1227 attollendo
1208 1156 1362 1229 circum·

301 1269 393 1365 cingi
437 1269 599 1344 fecimus.
650 1268 923 1343 Collateralibus
957 1267 1106 1370 quidem
1148 1270 1364 1346 candelabra

301 1386 425 1483 vigenti
449 1412 655 1461 marcarum
689 1387 768 1461 auri
805 1387 897 1485 regis
916 1387 1089 1462 Ludovici
1114 1386 1289 1487 Philippi,
1317 1414 1362 1460 ne

300 1527 527 1605 quacumque
535 1504 723 1578 occasione
739 1518 965 1605 raperentur,
974 1502 1112 1577 ibidem
1127 1501 1359 1604 deponentes,

296 1620 483 1719 jacinctus,
500 1621 753 1716 smaragdines,
764 1645 1008 1720 quascumque
1018 1644 1175 1717 gemmas
1186 1621 1363 1719 preciosas

298 1736 545 1835 apposuimus,
573 1751 610 1809 et
627 1736 858 1836 apponendas
881 1736 1070 1833 diligenter
1086 1735 1274 1834 quaeritare
1298 1734 1363 1807 de·

298 1850 489 1925 crevimus.
507 1856 671 1943 Quorum
687 1851 836 1951 quidem
853 1876 976 1925 versus
996 1850 1037 1924 bi
1058 1854 1213 1926 suntin
1236 1849 1362 1923 dextro

300 1966 438 2041 latere:

375 2186 438 2243 Has
450 2202 508 2243 arae
521 2181 635 2245 tabulas
649 2182 745 2265 posuit
760 2184 895 2263 Sugarius
910 2182 1010 2259 abbas,

418 2279 527 2337 Praeter
538 2296 602 2337 eam
613 2296 700 2358 qnam
716 2296 769 2337 rex
782 2276 909 2339 Karolns
923 2288 992 2336 ante
1001 2273 1094 2337 dedit.

375 2368 516 2447 lndignos
529 2370 614 2430 venia
625 2372 669 2429 lac
679 2370 795 2449 dignos,
811 2368 900 2449 Virgo
912 2368 1016 2430 Maria.

418 2468 508 2545 Regis
520 2479 550 2527 et
561 2467 674 2529 abbatis
687 2468 763 2530 mala
777 2469 898 2529 mundet
908 2468 973 2529 lons
983 2466 1109 2551 pietatis.

300 2642 338 2710 ln
355 2640 502 2714 sinistro
517 2639 627 2715 latere
645 2669 655 2713 ι

378 2844 408 2906 si
422 2845 487 2925 quis
497 2845 667 2929 preclaram
681 2844 848 2928 spoliaverit
860 2847 968 2929 impius
978 2866 1070 2925 uam,

378 2943 470 3021 AEque
481 2940 633 3001 damnatus
645 2952 746 3023 pereat
758 2942 841 3002 lude
851 2940 988 3007 secutus.

343 3127 562 3201 Ulteriorem
583 3152 670 3201 vero
694 3127 868 3219 tabulam,
894 3129 990 3203 miro
1014 3152 1125 3228 opere
1145 3141 1365 3227 sumptuque

300 3242 463 3346 profuso,
488 3242 660 3341 quoniam
684 3243 829 3317 barbari
851 3258 887 3316 et
907 3244 1126 3345 profusiores
1146 3240 1364 3315 nostratibus

300 3358 573 3453 erantartifices,
590 3372 664 3433 tam
680 3360 798 3432 lomna
809 3386 920 3458 quam
933 3360 1081 3433 materia
1096 3357 1267 3450 mirabili,
1277 3384 1362 3430 ana·

299 3475 385 3573 glifo
402 3500 529 3574 opere,
555 3489 639 3548 uta
662 3475 880 3575 quibusdam
908 3477 979 3551 dici
999 3477 1112 3576 possit
1140 3504 1158 3544 α
1177 3475 1364 3547 materiam

300 3589 490 3691 superabat
520 3614 628 3689 opus,
657 3620 674 3657 a
706 3592 909 3665 extulimus.
944 3590 1055 3663 llulta
1084 3588 1129 3662 de
1161 3589 1361 3686 acquisitis,

300 3705 402 3805 plura
431 3703 478 3779 de
505 3705 638 3804 quibus
666 3706 822 3779 ecclesie
848 3706 1085 3796 ornamentis,
1110 3728 1190 3803 quae
1215 3700 1365 3804 perdere

300 3820 535 3910 timebamus,
560 3821 727 3897 videlicet
753 3822 847 3922 pede
879 3823 1105 3896 decurtatum
1134 3818 1281 3893 calicem
1300 3844 1364 3890 au·

301 3962 424 4027 reum,
457 3954 492 4011 et
516 3938 680 4035 quaedam
712 3938 779 4011 alia
810 3937 947 4010 ibidem
973 3935 1104 4032 configi
1131 3935 1293 4007 lecimus.
1325 3938 1367 4005 tt

301 4054 473 4152 quoniam
502 4054 607 4127 tacita
632 4056 727 4127 visus
754 4054 956 4151 cognitione
983 4052 1144 4125 materiei
1168 4050 1364 4141 diversitas,

301 4169 391 4260 auri,
417 4193 651 4265 gemmarum,
677 4169 867 4261 unionum,
890 4169 1025 4269 absque
1049 4167 1289 4266 descriptione
1315 4164 1366 4235 la-

302 4282 366 4356 cile
383 4308 458 4357 non
474 4286 722 4381 cognoscitur,
741 4311 833 4386 opus
851 4286 951 4383 quod
971 4287 1055 4358 solis
1069 4298 1168 4385 patet
1189 4280 1364 4372 litteratis,

303 4399 401 4495 quod
431 4400 684 4494 allegoriarum
713 4399 955 4497 jocundarum
984 4398 1111 4495 jubare
1142 4396 1363 4498 resplendet,

304 4513 465 4614 apicibus
495 4514 697 4588 litterarum
723 4514 884 4587 mandari
910 4514 1074 4589 fecimus.
1102 4518 1233 4587 Versus
1259 4517 1367 4585 etiam
