3742 5667
440 770 478 826 ro
658 766 821 824 OEuvnrs
842 755 1059 823 cestrenses
1080 766 1129 823 nn
1150 766 1285 824 sunan.

439 900 551 973 domo
565 924 649 971 cum
664 899 748 990 suis,
765 902 949 997 quantam¹
959 898 1123 997 snperbia
1133 898 1244 997 pariat
1261 898 1416 989 ruinam,
1432 898 1498 969 mi·

439 1016 588 1089 serrime
610 1015 834 1114 compeditus
853 1016 1116 1088 animadvertit.
1139 1018 1231 1086 Cum
1252 1038 1338 1086 vero
1356 1038 1415 1085 rex
1434 1038 1497 1111 po·

439 1134 525 1205 titus
543 1132 689 1204 victoria
708 1130 847 1204 nobiles
866 1144 1004 1230 captos,
1024 1128 1181 1229 praedam
1203 1130 1305 1226 regiae
1322 1130 1494 1225 majestati

439 1248 622 1339 idoneam,
644 1246 835 1338 eduxisset,
862 1261 1028 1319 cunctam
1050 1246 1154 1319 castri
1181 1245 1438 1346 supellectilem
1462 1259 1498 1318 et

440 1390 564 1437 omnes
588 1362 727 1435 divitias
749 1363 938 1463 publicari,
969 1378 1195 1460 castrumque
1221 1362 1390 1435 incendio
1408 1386 1495 1434 con-

440 1480 532 1551 llari¹
547 1479 747 1578 imperavit.
766 1478 908 1550 Turrim
923 1494 1063 1551 tantum
1077 1477 1265 1550 incendere
1282 1478 1405 1577 paucis
1420 1478 1497 1549 die-

439 1591 509 1664 bus
534 1591 702 1681 distulit⁸‚
721 1616 762 1663 ea
786 1590 834 1663 de
850 1614 968 1681 causa,
994 1590 1092 1688 quod
1116 1616 1236 1663 comes
1257 1589 1497 1679 Theobaldus,

440 1707 634 1779 immemor
652 1707 818 1780 beneficii
838 1707 929 1779 tanti
951 1707 1045 1792 facti,
1063 1705 1162 1804 quod
1180 1730 1366 1803 nunquam
1382 1730 1446 1804 per
1462 1730 1500 1777 se

440 1820 588 1920 adipisci
606 1822 752 1913 valeret,
780 1822 1054 1894 machinabatur
1080 1822 1279 1894 marchiam
1303 1846 1404 1892 suam
1420 1846 1498 1891 am-

441 1933 612 2032 plificare,
630 1950 787 2007 castrum
803 1932 972 2029 erigendo
988 1933 1025 2004 in
1045 1948 1219 2031 potestate
1243 1933 1382 2005 Puteoli
1399 1930 1499 2031 quod

441 2047 487 2120 de
503 2048 631 2121 feodo*
645 2051 737 2147 regis
755 2048 886 2139 fuerat,
906 2047 1004 2147 apud
1021 2047 1142 2119 villam
1165 2073 1244 2145 qnae
1271 2047 1404 2120 dicitur
1422 2047 1501 2119 tto-

440 2168 516 2237 na¹.
555 2165 664 2253 Quod
680 2189 764 2238 curn
787 2190 850 2237 rex
879 2166 1029 2237 omnino
1050 2180 1242 2253 recusaret,
1272 2189 1392 2237 comes
1416 2190 1499 2264 pac-

441 2295 518 2351 tum
533 2281 604 2352 hoc
615 2280 791 2353 offerebat
804 2306 869 2380 per
885 2280 1071 2354 Andraeam
1085 2280 1131 2353 de
1142 2280 1373 2354 Baldamento
1390 2283 1413 2373 ⁸,
1432 2295 1500 2351 ter·

440 2420 488 2467 1·ae
500 2420 571 2467 suae
584 2412 867 2494 procuratorem,
878 2396 1092 2469 ratiocinare
1108 2423 1116 2467 ι
1135 2420 1195 2467 rex
1210 2420 1296 2467 vero
1313 2410 1348 2467 et
1365 2396 1501 2467 ratione

440 2526 475 2583 et
501 2510 577 2607 lege
603 2510 713 2585 duelli
741 2535 926 2610 nunquam
951 2536 988 2583 se
1016 2512 1203 2611 pepigisse,
1231 2535 1297 2610 per
1321 2510 1500 2582 tlnsellum

441 2615 641 2725 dapiferum
650 2654 768 2721 suum,
780 2628 1000 2725 ubicumque
1008 2652 1130 2700 secure
1139 2626 1497 2716 vellent,deiendere.

440 2743 511 2830 Qui
524 2743 590 2814 viri
607 2744 742 2815 strenui
757 2744 888 2816 multas
900 2742 1118 2842 huicpraelio
1133 2743 1355 2842 postulantes
1370 2744 1498 2835 curias,

442 2858 577 2929 nullam
593 2859 819 2932 invenerunt.

489 2974 667 3046 Subverso
686 2974 793 3069 igitur
809 2975 959 3047 omnino
974 2974 1120 3073 praelato
1142 2989 1272 3065 castro,
1290 2998 1356 3046 nec
1374 2998 1448 3047 non
1465 2988 1501 3046 et

442 3094 592 3185 Hugone
602 3090 638 3160 in
654 3106 750 3161 turre
763 3090 876 3161 (astri
897 3090 1082 3161 landulfi⁷
1102 3089 1253 3179 incluso,
1273 3083 1500 3162 Tlteobaldns

442 3230 576 3298 comes,
593 3206 703 3277 fretus
720 3206 887 3278 avunculi
905 3207 959 3280 sui
973 3207 1065 3301 regis
1073 3207 1205 3303 anglici
1223 3207 1346 3303 inclyti
1358 3208 1501 3280 Henrici

441 3321 586 3413 auxilio,
606 3322 680 3417 regi
697 3322 878 3395 Ludovico
893 3346 978 3394 oum
994 3322 1231 3420 complicibus
1245 3323 1317 3394 suis
1335 3348 1501 3420 guerram

443 3453 574 3524 movet,
591 3452 724 3509 terram
735 3437 870 3527 turbat,
892 3437 1047 3510 barones
1061 3463 1145 3512 suos
1159 3439 1329 3537 pollicitis
1342 3455 1378 3511 et
1395 3440 1501 3512 donis

442 3552 632 3641 subtrahit,
664 3568 699 3625 et
735 3552 907 3651 quicquid
936 3552 1093 3627 deterius
1127 3554 1329 3655 reipublicae
1368 3555 1501 3627 invisus

482 3748 510 3803 t.
527 3748 669 3820 Quantam
685 3745 762 3803 solus
778 3748 845 3805 cod.
866 3748 956 3821 6265,
972 3744 1052 3827 cujus
1066 3746 1263 3827 probatiorem
1276 3744 1420 3805 admisere
1439 3748 1499 3803 Be-

442 3838 580 3900 nedictini
593 3838 758 3900 lectionem.
771 3874 811 3886 —
828 3845 944 3915 Quanta
959 3842 989 3900 in
1004 3840 1122 3919 reliquis
1138 3842 1224 3900 codd.
1242 3862 1276 3899 ac
1289 3842 1356 3899 cdd.

481 3923 510 3978 2.
528 3922 711 3998 conflagrari
721 3924 810 3993 5925,
826 3926 916 3982 6265.
933 3956 971 3968 -
987 3923 1191 3997 Constantmart‘
1206 3920 1274 3981 edit.
1289 3923 1390 3981 Germ.

482 4016 511 4074 3.
538 4016 671 4071 lucendio
679 4022 783 4091 paucis
797 4013 895 4071 diebus
910 4016 1025 4071 distulit
1037 4018 1107 4086 ata,
1122 4016 1213 4086 5925,
1229 4016 1319 4085 6265,
1333 4014 1443 4073 l2'll0·
1461 4045 1502 4059 -

442 4109 599 4166 Incendere
608 4114 710 4182 parteis
725 4108 820 4166 debuit
834 4108 903 4167 edd.
917 4109 1018 4166 Germ.
1033 4120 1063 4167 et
1077 4107 1182 4169 chesn.

482 4202 512 4258 lt.
528 4198 575 4258 Sic
589 4201 676 4259 codd.
692 4220 803 4262 omnes.
820 4233 859 4245 -
872 4203 967 4259 Fando
981 4200 1049 4259 edd.

483 4297 512 4351 5.
527 4292 623 4351 Hodie
638 4296 773 4353 Allonncs
786 4289 1024 4373 (Eure-et-Intr).

482 4387 512 4444 6.
525 4387 609 4445 Nunc
623 4390 797 4445 Beudement
810 4386 952 4465 (Martie).

483 4484 512 4538 t.
528 4480 685 4539 Vernacule
698 4483 959 4541 chatenet-landon
974 4479 1253 4562 (Seiae-etmarias).
