3742 5667
497 763 554 818 ios
715 757 879 816 osuvuns
900 741 1114 814 conectens
1132 756 1340 816 ossuum.

495 889 617 960 animo
634 887 816 987 spectabat
832 885 943 960 finem
959 913 1078 979 suum,
1095 913 1168 985 quo
1177 887 1258 984 quis
1269 885 1379 959 finem
1393 903 1559 986 spectare

495 1005 587 1076 solet
602 1004 782 1078 alienum:
806 1029 914 1103 quern
929 1030 1003 1078 non
1011 1005 1192 1102 exciperet
1205 1019 1279 1076 tam
1297 1002 1467 1093 hilariter,
1487 1002 1555 1076 nisi

494 1144 532 1193 se
544 1120 607 1193 diu
621 1121 781 1194 edilium
797 1136 1036 1222 praeparasset.
1051 1119 1246 1210 Quomodo
1262 1119 1407 1218 quidam
1428 1145 1555 1216 rogare

494 1235 610 1309 solent
629 1237 750 1327 vitam,
769 1239 818 1309 ita
845 1236 903 1308 ille
926 1235 1075 1334 optabat
1095 1236 1249 1327 exitum,
1275 1235 1359 1332 quia
1378 1235 1475 1308 bene
1500 1237 1553 1308 vi·

492 1353 610 1425 vendo
621 1369 738 1450 egerat
751 1368 790 1426 ut
805 1352 888 1425 satis
908 1353 1070 1424 vixisset:
1082 1376 1150 1425 nec
1166 1351 1353 1449 quamdiu,
1367 1351 1430 1424 sed
1443 1376 1554 1448 quam

492 1467 586 1540 bene
599 1469 732 1540 viveret
745 1491 887 1566 semper
901 1467 1114 1539 attenderat.
1133 1470 1213 1555 Qua
1231 1466 1396 1539 videlicet
1418 1467 1551 1541 valetu-

491 1582 576 1654 dine
594 1598 751 1680 quatuor
767 1582 949 1655 mensibus
964 1581 1021 1653 vel
1043 1605 1088 1654 eo
1104 1582 1256 1680 amplius
1275 1581 1453 1675 detentus,
1473 1607 1554 1680 age·

489 1699 553 1772 bat
569 1699 818 1797 Omnipotenti
834 1699 976 1794 gratias,
1001 1698 1101 1794 quod
1123 1722 1197 1769 non
1222 1713 1368 1796 repente
1392 1698 1548 1786 avulsus,

489 1813 552 1886 sed
582 1813 782 1886 subductus
809 1814 982 1911 paulatim
1014 1811 1270 1911 perduceretur
1307 1812 1354 1885 ad
1388 1813 1549 1911 requiem

486 1927 627 2001 homini
635 1928 778 2024 fatigato
795 1929 1042 2000 necessariam.
1057 1929 1127 2016 Qui
1142 1953 1226 2000 cum
1238 1953 1275 2000 se
1287 1929 1383 2000 circa
1389 1927 1550 2002 Natalem

469 2043 632 2134 *Domini
661 2043 759 2116 diem
782 2044 898 2116 acrius
923 2045 1086 2116 sensisset
1107 2045 1237 2140 urgeri,
1261 2045 1357 2142 cepit
1378 2045 1550 2118 instanter

485 2159 674 2231 aDomino
690 2159 872 2257 postuiare
889 2174 935 2231 ut,
949 2160 1025 2257 ejus
1042 2158 1221 2258 paulisper
1233 2159 1438 2232 differretur
1453 2175 1548 2232 tran·

484 2275 585 2366 situs,
600 2273 716 2348 donec
736 2273 871 2347 scilicet
892 2273 969 2348 dies
989 2275 1196 2348 transissent
1218 2274 1311 2366 sesti,
1332 2301 1379 2348 ne
1403 2280 1548 2373 propter

483 2390 587 2462 iliurn
600 2414 644 2462 ex
665 2389 762 2462 sestis
777 2404 1073 2464 converterentur
1090 2391 1128 2462 iu
1148 2405 1313 2464 moestos:
1332 2391 1460 2489 inquo
1473 2416 1547 2464 ma·

484 2505 609 2577 uiseste
624 2529 647 2575 a
664 2506 821 2577 Domino
837 2506 931 2579 visus
946 2519 1001 2576 est
1016 2505 1187 2578 exaudiri.
1210 2510 1315 2598 Nam,
1334 2507 1482 2605 expletis
1494 2533 1545 2579 sa·

482 2622 552 2693 cris
576 2619 726 2713 diebus,
757 2636 882 2693 octava
909 2621 1195 2720 Epiphaniorum
1215 2622 1290 2695 die¹
1311 2623 1478 2717 migravit
1498 2623 1544 2696 ad

482 2736 695 2826 Dominum,
710 2735 807 2835 apud
823 2759 946 2832 quem,
965 2750 1006 2807 ut
1018 2735 1118 2809 credi
1131 2735 1248 2829 decet,
1267 2754 1348 2836 post
1360 2743 1541 2811 octavam'

477 2847 554 2945 jam
570 2848 643 2942 agit
655 2848 877 2918 continuam.
892 2852 937 2918 Et
952 2847 1084 2920 merito
1099 2849 1163 2945 qui
1175 2874 1248 2949 prae
1260 2851 1386 2922 ceteris
1407 2867 1544 2924 morta·

482 2963 577 3036 libus
591 2960 648 3034 vel
674 2963 820 3033 Domini
846 2962 901 3034 vel
924 2977 1130 3036 sanctorum
1151 2980 1384 3038 consueverat
1410 2965 1542 3040 festivi·

481 3079 613 3152 tatibus
637 3075 820 3168 delectari,
846 3075 945 3149 sestis
968 3077 1170 3151 credendus
1196 3096 1250 3153 est
1277 3082 1445 3154 interesse
1466 3108 1543 3183 per-

479 3193 672 3269 hennibus.
1444 3230 1446 3234 ·

527 3300 737 3384 Eccc'dum
761 3309 828 3380 tibi
856 3333 982 3408 parere
1003 3309 1106 3402 volo,
1128 3311 1319 3406 Gausride‚
1341 3313 1540 3388 multorum

479 3451 538 3498 me
557 3423 733 3498 morsibus
749 3425 998 3517 lacerandum,
1016 3425 1140 3499 multis
1154 3426 1348 3501 ridendum
1376 3432 1535 3529 exposui.

480 3547 614 3642 Nempe
645 3542 719 3614 scio
750 3565 824 3614 non
851 3540 1036 3614 defuturos
1065 3543 1129 3640 qui
1161 3568 1222 3616 me
1252 3547 1540 3644 presumptionis

478 3672 642 3756 arguant,
668 3654 768 3755 quod
786 3654 946 3728 nobilem
973 3660 1226 3757 occupaverim
1248 3662 1449 3752 materiem,
1470 3664 1540 3735 exi·

477 3774 560 3846 miis
575 3769 821 3844 illustrandam
839 3771 1077 3871 preconibus.
1101 3776 1147 3845 Et
1158 3773 1307 3871 quidem
1329 3775 1393 3848 diu
1411 3802 1538 3877 expec-

477 3888 563 3980 tavi,
590 3911 737 3987 sperans
759 3886 916 3985 aliquem
943 3888 1022 3959 iore
1051 3890 1113 3986 qui
1144 3891 1282 3962 meritis
1310 3893 1439 3991 optimi
1471 3893 1539 3966 riri

477 4006 592 4078 vicem
603 4000 827 4102 rependeret.
849 4001 920 4074 Sed
946 4002 1035 4075 dum
1065 4004 1219 4104 tepidius
1241 4007 1390 4104 quidam
1411 4025 1535 4106 agunt,

516 4223 546 4278 1.
566 4222 603 4280 13
615 4214 754 4292 januarii,
767 4234 843 4274 anno
854 4217 927 4275 1151
943 4217 1101 4276 secundum
1113 4219 1235 4278 modum
1244 4232 1372 4281 veterem
1381 4221 1536 4284 inchoandi

473 4330 594 4380 annum,
612 4313 688 4368 1151
704 4309 863 4369 secundum
880 4307 1073 4369 recentiorem
1084 4309 1201 4390 stylum.

513 4409 543 4463 2.
564 4407 633 4466 Post
651 4423 705 4484 pro
723 4405 867 4480 deinceps,
884 4400 1044 4483 conjiciunt
1068 4405 1213 4469 Benedict.
1231 4411 1363 4469 Fortasse
1378 4409 1423 4471 his
1441 4412 1535 4472 verbis

473 4499 641 4582 daignatur
659 4509 772 4579 tempus
786 4497 869 4576 quod
886 4495 1017 4576 sequntur
1032 4511 1164 4562 octavam
1177 4501 1261 4564 festi:
1277 4517 1465 4580 post-octova.
