3742 5667
661 778 724 835 vm
742 779 794 834 DE
812 777 925 836 LOUlS
945 776 991 835 LE
1013 775 1122 835 GROS.
1395 784 1432 839 tt

371 922 477 980 tantae
500 922 538 981 et
552 923 627 980 tam
645 909 753 1007 justae
773 908 920 982 ultionis
945 934 1088 983 causam
1107 908 1176 981 sibi
1200 912 1351 985 omnino
1366 913 1434 986 ad-

370 1023 477 1096 scribi
492 1024 632 1116 volens,
647 1050 731 1097 cum
741 1027 1016 1098 communitates
1029 1026 1152 1123 patria
1160 1028 1430 1123 parrochiarum

369 1139 549 1231 adessent,
571 1141 759 1239 cujusdam
781 1141 893 1214 calvi¹
913 1140 1114 1240 presbyteri
1130 1142 1311 1213 suscitavit
1330 1143 1430 1216 forti-

369 1255 505 1329 tudinis
518 1256 709 1331 robustum
724 1259 904 1356 spiritum,
927 1258 985 1331 cui
1002 1273 1128 1331 contra
1143 1258 1353 1357 opinionem
1366 1259 1432 1331 hu-

368 1398 516 1445 manam
529 1372 656 1446 datum
671 1387 722 1446 est
731 1375 900 1473 possibile
910 1374 1010 1472 quod
1023 1391 1163 1449 armato
1177 1374 1301 1447 comiti
1312 1388 1348 1446 et
1360 1376 1431 1447 suis

368 1489 599 1586 contingebat
623 1489 857 1589 impossibile.
892 1488 1070 1563 velociter
1099 1489 1276 1588 siquidem
1305 1490 1430 1583 vilissi-

368 1630 466 1679 mam
475 1606 645 1680 ascellam
659 1608 671 1643 ²
685 1606 754 1679 sibi
767 1605 969 1705 praeferens,
983 1607 1099 1679 fronte
1109 1606 1208 1679 nudo
1218 1605 1426 1700 ascendens,

368 1722 414 1793 ad
431 1746 556 1821 sepem
573 1746 686 1821 usque
702 1721 886 1821 pervenit3
902 1737 939 1794 et
953 1720 1099 1794 latendo
1115 1722 1183 1795 sub
1191 1722 1248 1794 his
1263 1748 1341 1821 quae
1356 1724 1430 1820 sepi

368 1854 470 1911 erant
484 1853 613 1936 aptatae
629 1839 820 1938 operturis,
836 1862 894 1909 eas
910 1839 1084 1937 paulatim
1096 1830 1311 1938 deponebat.
1322 1838 1429 1927 Quod

368 1980 452 2027 cum
475 1954 589 2027 libere
605 1980 644 2028 se
663 1955 779 2027 facere
797 1953 978 2050 gauderet,
996 1955 1116 2026 innuit
1133 1954 1378 2028 haesitantibus
1396 1970 1430 2028 et

367 2070 595 2143 vacantibus⁸
611 2071 648 2142 in
667 2094 812 2168 campo,
832 2086 872 2142 ut
890 2094 999 2170 opem
1014 2070 1159 2143 ferrent.
1172 2073 1257 2163 Qui,
1271 2071 1432 2145 videntes

368 2187 621 2285 presbyterum
635 2185 809 2259 inermem
827 2186 966 2259 fortiter
981 2186 1183 2259 clausuram
1199 2185 1365 2285 dejicere,
1377 2212 1432 2259 ar·

368 2304 454 2375 mati
472 2300 655 2393 insiliunt3
675 2326 817 2373 secures
835 2316 872 2373 et
889 2326 1040 2401 quaeque
1062 2303 1300 2376 instrumenta
1317 2304 1431 2376 ferrea

367 2418 540 2490 clausuris
566 2432 801 2517 apponentes,
825 2433 959 2509 secant,
992 2417 1235 2517 disrumpunt,
1265 2433 1300 2491 et
1329 2419 1431 2517 quod
1539 2475 1548 2494 .

368 2534 531 2607 mirabile
555 2534 707 2607 coelestis
728 2533 868 2607 arbitrii
889 2535 1032 2631 signum
1059 2534 1141 2626 suit,
1164 2559 1206 2607 ac
1231 2535 1260 2607 si
1286 2535 1431 2609 alterius

367 2651 461 2722 muri
475 2650 619 2722 Jericho
640 2649 861 2738 cecidissent,
881 2649 1009 2722 eadem
1025 2650 1115 2723 hora
1138 2665 1173 2723 et
1195 2651 1287 2747 regis
1309 2668 1344 2723 et
1374 2676 1433 2724 co·

367 2767 463 2839 mitis
491 2768 681 2858 exercitus,
710 2768 824 2864 ruptis
846 2767 1026 2857 claustris,
1051 2766 1287 2839 intraverunt.
1328 2768 1431 2841 Unde
1556 2773 1562 2782 '

365 2886 600 2984 quamplures
615 2908 755 2976 eorum
771 2910 854 2956 cum
872 2885 907 2955 in
927 2899 1094 2955 neutram
1113 2898 1254 2982 partem
1270 2884 1432 2955 incursus
1543 2912 1545 2919 ’

365 3001 541 3093 hostium,
559 3000 645 3073 hinc
665 3015 701 3072 et
718 2999 802 3071 inde
818 3000 1103 3089 convolantium,
1122 3000 1233 3072 vitare
1249 3024 1322 3071 non
1335 3024 1426 3098 pos-

367 3134 457 3208 sent,
478 3118 694 3216 interceptos
708 3116 877 3188 citissime
892 3116 1045 3212 graviter
1058 3115 1164 3209 affligi
1186 3116 1346 3211 contigit.
1368 3118 1433 3188 Re·

366 3234 456 3331 liqui
469 3258 573 3333 vero,
590 3256 657 3304 nec
670 3256 745 3304 non
758 3246 794 3303 et
810 3231 886 3330 ipse
899 3236 1017 3327 Hugo,
1034 3255 1119 3303 cum
1134 3230 1230 3302 intus
1245 3231 1430 3303 castellum

368 3372 473 3421 muro
489 3351 743 3422 cinctum‘tuto
759 3371 834 3418 non
848 3345 1028 3419 sufficeret
1045 3345 1223 3444 praesidio,
1249 3348 1286 3417 in
1302 3351 1428 3440 mota‘,

367 3466 499 3539 scilicet
519 3480 619 3539 turre
643 3465 757 3560 lignea
779 3464 969 3562 superiori,
993 3486 1030 3533 se
1048 3462 1188 3560 recipit.
1221 3467 1291 3534 Nec
1316 3488 1428 3555 mora,

367 3604 450 3652 cum
459 3580 723 3677 seinsequentis
735 3579 910 3650 exercitus
924 3576 998 3677 pila
1014 3577 1187 3649 minantia
1200 3576 1426 3666 abhorreret,

366 3720 553 3795 percussus
584 3695 758 3768 deditioni
784 3694 902 3784 cessit,
928 3707 966 3765 et
996 3694 1192 3790 captivatus
1221 3694 1258 3764 in
1283 3694 1429 3792 propria

408 3957 440 4013 t.
461 3956 542 4014 Calvi
563 3964 643 4031 quat.
673 3950 759 4013 codd.
790 3970 824 4008 ac
850 3948 919 4010 edit.
945 3948 1093 4009 Benedict.
1106 3982 1145 3999 -
1167 3952 1248 4023 Calc,
1271 3969 1326 4031 pro
1345 3953 1428 4025 calvi,

370 4050 438 4108 1³5.
453 4079 494 4094 -
505 4044 655 4107 casualia
670 4045 739 4104 edd.

404 4145 433 4200 2.
450 4144 588 4214 Asellam,
603 4138 691 4212 male,
706 4141 817 4199 tatto.
838 4170 873 4183 -
884 4140 1015 4208 Ascella,
1037 4140 1217 4213 Arserculns,
1237 4136 1344 4196 nostris
1362 4142 1425 4195 ais·

370 4240 447 4308 celle,
460 4246 495 4294 ut
505 4245 610 4292 notant
621 4231 811 4292 Benedictini.

411 4334 439 4389 3.
455 4327 663 4386 Bacchann'bus
677 4328 723 4386 ed.
741 4327 843 4385 Germ.

408 4426 437 4479 l.
457 4419 506 4479 sic
525 4431 584 4479 tres
602 4417 688 4477 codd.
711 4438 744 4477 ac
764 4416 833 4479 edit.
851 4416 960 4478 Bened.
976 4446 1016 4461 -·
1031 4420 1163 4488 Immota,
1178 4418 1343 4497 perperim,
1358 4418 1430 4494 135,

371 4515 477 4584 illio,
494 4524 524 4571 et
538 4512 656 4589 reliqna
669 4511 736 4572 edd.
