3742 5667
489 751 546 808 uc
707 753 871 810 usuvars
890 739 1105 813 conaturus
1123 755 1174 812 ns
1193 755 1329 814 succa.

489 880 673 949 discretioni
699 883 901 950 terminanda
923 883 1156 952 committebat.
1188 883 1354 953 Gloriosus
1375 887 1472 952 etiam
1494 911 1552 953 rex

489 981 631 1049 Francia
647 984 838 1066 Ludovious,
856 986 1114 1078 Hierosolymam
1129 985 1343 1078 proficiscens,
1361 985 1553 1078 pontificum

490 1102 523 1152 et
536 1109 710 1177 procerum
723 1088 857 1156 consilio
869 1113 908 1155 ex
918 1105 1010 1180 parte
1024 1088 1109 1155 illius
1122 1088 1199 1156 fidei
1217 1105 1250 1156 et
1265 1089 1400 1156 solertia
1414 1115 1551 1182 regnum

490 1212 583 1255 suntn
606 1187 785 1281 specialiter
802 1191 964 1258 commisit
982 1189 1172 1284 regendum.
1202 1191 1299 1274 Quod
1315 1191 1387 1271 ille,
1409 1195 1481 1260 Deo
1494 1195 1550 1281 jn·

490 1309 596 1371 vante,
613 1292 658 1359 ita
670 1293 903 1361 administravit
921 1311 955 1361 et
973 1296 1069 1375 rexit,
1089 1310 1125 1360 nt
1146 1293 1282 1386 principi
1296 1294 1444 1362 redeunti
1456 1319 1550 1362 com·

491 1393 587 1460 missa
604 1393 666 1461 sibi
684 1418 759 1462 cum
779 1419 858 1486 pace
874 1414 908 1463 et
927 1397 1110 1488 integritate
1132 1398 1327 1463 restitueret.
1591 1385 1599 1398 ⁶

535 1497 669 1577 Verum,
687 1496 762 1589 quia
776 1521 796 1564 a
810 1497 996 1567 conditione
1009 1498 1167 1566 moriendi
1183 1523 1279 1566 uerno
1294 1499 1462 1592 excipitur,
1477 1526 1552 1569 curn

493 1598 680 1682 valitudine,
696 1622 761 1689 qua
774 1617 918 1668 mortuus
930 1617 990 1680 est,
1003 1601 1113 1669 vexari
1130 1600 1273 1692 cepisset,
1300 1602 1433 1670 fratrum
1445 1606 1551 1670 mani-

494 1699 555 1765 bus
572 1713 775 1778 sustentatus,
793 1697 827 1764 in
842 1698 1015 1789 capitulum
1029 1724 1063 1767 se
1080 1699 1196 1767 deduci
1209 1697 1369 1791 poposcit.
1384 1699 1462 1783 Ubi,
1480 1717 1554 1792 post

492 1802 592 1870 verba
603 1800 833 1883 edificationis,
842 1826 916 1870 oum
929 1802 1067 1869 lacrimis
1077 1819 1111 1870 et
1121 1801 1242 1894 gemitu
1254 1802 1402 1868 omnium
1416 1802 1554 1894 pedibus

493 1903 849 1996 provolutus,eorumse
855 1903 978 1993 judicio
984 1905 1310 1997 humiliterexposuit,
1316 1905 1555 1972 lacrimabiliter

493 2008 659 2102 postulans
676 2027 713 2078 nt
723 2011 812 2100 quod
828 2011 862 2078 in
877 2034 933 2078 eos
949 2010 1124 2102 deliquerat
1142 2012 1192 2079 vel
1206 2011 1416 2104 negligentius
1429 2029 1551 2103 egerat,

494 2127 640 2204 respectu
656 2111 782 2203 pietatis
795 2112 825 2180 ei
836 2114 1026 2181 relaxarent.
1044 2114 1142 2198 Quod
1155 2114 1268 2180 fraces
1283 2137 1397 2180 ornnes
1413 2114 1555 2180 maxima

495 2236 569 2282 cum
580 2212 752 2282 devotione
760 2230 793 2282 et
800 2215 929 2308 copiosa
940 2215 1146 2283 lacrimarum
1152 2215 1309 2284 effusione
1317 2216 1554 2308 gratantissime

496 2319 652 2384 feceruut.
671 2318 812 2386 Transiit
827 2336 935 2387 autem
950 2317 1036 2386 idem
1050 2319 1240 2387 venerabilis
1252 2336 1346 2409 pater
1357 2317 1444 2384 inter
1454 2319 1555 2385 verba

495 2419 657 2488 Orationis
676 2437 710 2487 et
730 2422 887 2513 Symboli,
906 2421 960 2489 die
984 2422 1056 2491 idus
1074 2422 1195 2490 mensis
1207 2420 1356 2510 januarii,
1375 2445 1463 2489 anno
1475 2445 1555 2488 vero

496 2523 625 2590 Domini
640 2524 770 2610 Mem,
786 2527 874 2592 Lxx
886 2525 988 2592 etatis
999 2550 1063 2592 snae
1074 2549 1215 2609 anno,a
1234 2523 1435 2617 susceptione
1446 2541 1556 2592 antem

496 2625 664 2692 monastici
688 2627 815 2694 habitus
835 2625 901 2696 lere
922 2628 991 2707 Lx,
1017 2627 1211 2719 prolationis
1234 2651 1311 2694 vero
1339 2651 1405 2694 suae
1429 2629 1553 2693 XXIX.

495 2729 593 2816 Cujus
609 2730 778 2822 sepulturae
798 2747 830 2798 et
850 2731 992 2822 exequiis
1013 2730 1227 2798 interfuerunt
1242 2753 1298 2798 sex
1313 2730 1466 2823 episcopi,
1481 2753 1555 2796 utrm

497 2829 605 2897 multis
627 2829 815 2924 abbatibus,
840 2831 1166 2924 christianissimoque
1186 2855 1261 2923 rege
1282 2829 1425 2898 Francis
1443 2830 1555 2897 ludo·

496 2933 567 2999 vico
587 2959 595 2999 t
609 2932 677 3014 ubi,
690 2949 724 3000 et
736 2933 863 3024 pietatis
875 2950 1044 3001 memoret
1054 2932 1330 3023 immemorregiae
1343 2930 1553 3012 celsitudinis,

497 3033 575 3102 dum
602 3034 789 3126 sepeliretur
807 3035 1004 3102 amarissime
1028 3034 1135 3121 flevit3
1159 3034 1310 3125 flevitque
1336 3033 1444 3101 omnis
1468 3035 1559 3126 regia

498 3136 626 3218 domus,
639 3136 696 3205 sed
710 3155 743 3205 et
754 3139 904 3229 populus,
921 3138 1073 3230 qui0eum
1098 3156 1253 3230 tauquam
1272 3136 1558 3230 prudentissimum

498 3237 725 3322 consiliarium,
747 3239 910 3330 totiusque
930 3240 1022 3332 regni
1037 3242 1286 3332 gubernatorem
1302 3257 1336 3307 et
1348 3238 1558 3306 administra·

498 3355 603 3408 torem
616 3341 810 3432 planxerunt
822 3341 1126 3434 sapientissimum¹.

539 3603 570 3660 l.
588 3623 601 3652 ι
622 3601 665 3658 llx
684 3596 741 3657 alio
761 3595 861 3659 codice
876 3617 930 3663 rns.
949 3597 1079 3680 ejusdem
1095 3598 1233 3673 ecclesiae,
1253 3599 1291 3659 ad
1308 3619 1417 3659 annum
1431 3601 1526 3659 unu.
1543 3625 1559 3652 ι

504 3691 624 3764 Chesn.,
642 3693 691 3764 Ν,
707 3695 779 3752 280.
794 3721 833 3737 —
852 3691 984 3766 Dublet„
1000 3712 1032 3772 p.
1048 3695 1168 3754 253.-
1183 3697 1261 3755 Gatt.
1276 3693 1562 3766 cbrist.,V11,376.

499 3815 540 3830 ··-
550 3791 651 3846 ilerum
662 3787 761 3864 galile.
776 3788 936 3862 scriptores,
952 3788 1022 3860 xit,
1042 3789 1111 3847 113.
