3742 5667
486 815 523 874 ao
700 806 861 872 (novans
883 797 1099 870 coronares
1119 811 1168 870 os
1188 812 1324 870 suom.

485 967 590 1021 causa
619 947 711 1020 tutt¹
740 961 781 1018 ut
802 943 1066 1018 nobilissimam
1087 945 1228 1017 domini
1251 944 1425 1018 Ludovici
1447 943 1545 1017 desi-

484 1065 582 1160 gnati
598 1084 760 1138 sororem
772 1063 1033 1153 Constantiam,
1041 1060 1206 1134 moribus
1214 1061 1381 1152 facetam,
1392 1084 1546 1160 persone

485 1179 695 1276 elegantem,
714 1177 802 1252 facie
823 1178 1120 1276 pulcherrimam,
1145 1178 1376 1250 matrimonio
1394 1177 1463 1249 sibi
1479 1203 1545 1250 oo-

484 1295 600 1395 pnlari
624 1295 909 1393 quibuscumque
932 1294 1050 1367 modis
1071 1294 1288 1392 queritaret.
1322 1298 1433 1367 Tanta
1446 1294 1546 1366 enim

484 1429 520 1486 et
535 1413 635 1508 regni
652 1417 871 1484 Francorum
887 1427 924 1484 et
935 1410 1075 1484 domini
1091 1409 1261 1484 Ludovici
1274 1409 1547 1508 preconabatur

483 1528 687 1620 strenuitas,
701 1543 742 1600 ut
753 1527 821 1627 ipsi
834 1528 944 1599 etiam
957 1525 1248 1622 Sarmoenihujus
1256 1541 1396 1599 terrore
1405 1525 1545 1625 oopuite

484 1658 712 1720 terrerentur.
743 1641 901 1716 Vacabat
930 1642 1110 1735 domim',
1136 1643 1307 1716 comitem
1332 1648 1545 1717 liecensem

485 1763 675 1857 {ingonem
687 1761 698 1802 ³
710 1781 863 1858 procum
874 1773 1075 1858 aspernato,
1092 1781 1160 1832 nec
1170 1757 1405 1833 dedecentem
1416 1762 1428 1798 ⁸
1439 1783 1547 1858 spon-

484 1899 564 1948 sum
588 1877 715 1950 iterata
737 1877 866 1975 copula
885 1875 1088 1976 appetebat.
1114 1874 1273 1948 Cellebat
1297 1876 1463 1975 princeps
1477 1876 1548 1946 An-

483 1992 698 2085 tiochenus3
729 2007 764 2064 et
790 2007 866 2065 tam
889 1991 995 2065 donis
1016 2015 1126 2090 quam
1151 1993 1336 2090 promissis
1358 1993 1544 2091 copiosus,

484 2107 670 2181 dominam
699 2105 797 2181 illam
825 2107 1059 2180 celeberrime
1091 2106 1160 2180 sibi
1180 2109 1345 2208 copulari
1375 2107 1540 2198 Cornuti,

483 2237 655 2322 presente
671 2245 751 2321 rege
769 2241 806 2298 et
821 2222 971 2296 domino
990 2223 1185 2311 Ludovico,
1207 2223 1330 2296 multis
1348 2221 1547 2297 astandbus

483 2340 783 2440 mohiepiscopis„
798 2340 976 2440 episcopis
1001 2354 1038 2411 et
1061 2339 1163 2435 regni
1184 2339 1394 2439 proceribus
1413 2337 1547 2412 devote

486 2457 698 2554 promeruit.
729 2457 847 2528 Astitit
866 2457 974 2529 etiam
989 2453 1126 2528 ibidem
1150 2457 1317 2528 Romanae
1337 2455 1432 2530 sedis
1455 2479 1544 2554 apo·

482 2572 614 2646 stolicae
628 2573 777 2670 legatus,
787 2571 957 2645 dominus
975 2577 1108 2662 Bruno,
1126 2571 1291 2666 Signinus
1306 2573 1509 2672 episcopus,
1525 2595 1548 2645 a

481 2688 632 2762 domino
647 2687 806 2761 Paschali
815 2689 935 2788 papa⁸,
945 2687 993 2761 ad
1000 2687 1548 2761 invitandametconlortandam

482 2806 594 2878 sancti
617 2803 800 2904 sepulchri
821 2805 931 2898 viam,
950 2804 1142 2878 dominum
1163 2804 1414 2878 Boamundum
1430 2803 1547 2878 comi-

482 2935 587 2993 tatus.
608 2919 710 2993 Unde
726 2921 873 3019 plenum
893 2935 931 2992 et
948 2918 1090 2992 oelebre
1114 2921 1265 2993 Pietatis
1287 2921 1403 2994 tenuit
1427 2921 1547 2993 conci·

481 3035 583 3128 lium,
603 3038 661 3110 cui
678 3051 713 3108 et
731 3061 801 3110 nos
813 3033 1040 3109 interfuimus
1054 3038 1078 3126 ⁸,
1094 3037 1179 3134 quia
1196 3053 1360 3110 recenter
1382 3061 1405 3108 a
1424 3037 1546 3109 studio

482 3155 725 3228 redieramus:
747 3155 812 3228 ubi
829 3154 875 3229 de
893 3154 1044 3228 diversis
1058 3153 1293 3252 synodalibus
1312 3171 1351 3228 et
1367 3156 1547 3256 praecipue

482 3269 528 3343 de
552 3271 877 3370 Hierosolymitano
902 3271 1044 3364 itinere,
1062 3293 1109 3344 ne
1129 3286 1289 3372 tepescet
1317 3295 1445 3371 agens,
1470 3286 1547 3344 tarn

480 3387 556 3486 ipse
570 3411 681 3486 quam
705 3388 936 3461 Boamundm
957 3389 1092 3461 multos
1106 3389 1159 3461 ire
1172 3387 1360 3463 animavit.
1378 3391 1546 3477 Quorum

481 3503 562 3578 freti
576 3509 748 3577 comitatu
768 3505 884 3578 multo
901 3505 1089 3603 multaque
1105 3505 1244 3599 militia,
1267 3520 1341 3576 tam
1362 3505 1438 3604 ipse
1453 3509 1545 3577 Boa-

481 3622 639 3695 mundus
656 3645 766 3720 quam
783 3622 932 3694 domina
948 3622 1167 3713 Constantia,
1186 3647 1330 3694 necnon
1347 3635 1383 3694 et
1401 3621 1478 3721 ipse
1492 3621 1546 3693 le·

481 3752 581 3833 gatus
594 3737 641 3809 ad
654 3737 801 3837 propria
815 3763 985 3837 prospere
998 3754 1035 3810 et
1049 3738 1203 3834 gloriose
1216 3753 1436 3810 remearunt.
1454 3739 1545 3825 Quae

479 3852 629 3928 domina
651 3854 859 3929 Constantia
886 3854 1037 3930 domino
1064 3853 1274 3928 Boamundo
1302 3854 1397 3928 duos
1421 3854 1546 3951 genuit

520 4087 550 4146 1.
573 4089 670 4143 meru
682 4085 741 4146 l38
755 4097 784 4145 et
798 4085 909 4146 11710.

520 4181 552 4239 2.
574 4183 642 4238 Her
652 4178 752 4238 decem
767 4175 867 4238 ultima
879 4177 968 4240 verba
983 4176 1130 4240 desuntin
1145 4177 1235 4239 codd.
1250 4181 1308 4240 1³3
1324 4191 1353 4238 et
1367 4180 1478 4241 lfflo.

521 4275 551 4335 3.
573 4275 659 4351 Hugo
681 4277 711 4343 t,
732 4271 890 4333 theonam
913 4277 925 4331 1
950 4273 1021 4353 (sen
1043 4273 1107 4354 111)
1126 4273 1220 4347 tilius,
1242 4284 1360 4334 omarus
1376 4271 1543 4353 Campania

488 4381 639 4426 comes-
654 4371 684 4430 i.
706 4371 859 4427 Decentem
874 4371 945 4441 tut,
960 4367 1088 4448 itemque
1102 4367 1170 4430 edd.
1182 4369 1285 4429 Germ.
1301 4381 1332 4428 et
1342 4369 1448 4429 chesn.

521 4465 550 4523 t.
573 4459 704 4520 Pasclrali
717 4463 756 4533 11,
773 4479 850 4522 anno
865 4464 944 4522 1099
955 4459 1059 4523 electo.
1079 4465 1123 4523 De
1139 4461 1196 4524 hoc
1207 4463 1393 4524 matrimonio
1403 4465 1442 4523 V:
1455 4462 1543 4534 iniri,

481 4553 512 4614 in
523 4553 674 4617 Observat.
685 4585 725 4604 -
737 4555 769 4616 6.
789 4562 875 4616 Anno
887 4559 979 4617 troo.
