3742 5667
470 708 529 766 era
688 701 857 761 onuvnus
877 682 1092 761 corrueres
1112 700 1163 757 nn
1182 698 1319 761 suom.

468 839 527 911 tiae
540 835 670 909 merito
686 835 782 909 uniri
799 834 1035 932 gratulantur.
1052 830 1161 921 Quod
1175 847 1295 905 tamen
1315 832 1537 907 conditionis

470 954 596 1056 primae
620 952 853 1052 corruptione
873 950 1039 1051 depressa
1059 963 1096 1022 et
1118 948 1273 1045 graviter
1291 950 1448 1024 sauciata
1465 950 1537 1023 hu-

469 1071 643 1160 manitas,
670 1069 857 1168 prasentia
878 1067 1001 1166 potius
1029 1065 1250 1165 amplectens
1276 1090 1388 1164 quam
1413 1065 1537 1138 futura

438 1262 442 1271 ,
470 1200 672 1287 expectans,
689 1183 791 1256 nullo
804 1183 918 1257 modo
934 1183 1141 1273 sustineret,
1160 1182 1191 1254 si
1205 1206 1280 1256 non
1298 1182 1407 1256 etiam
1425 1184 1536 1256 ratio-

470 1306 527 1376 nis
545 1316 582 1376 et
594 1300 833 1397 intelligentiae
849 1299 1015 1373 huntanae
1032 1297 1256 1373 rationabilis
1267 1322 1416 1372 summae
1431 1313 1467 1372 et
1483 1298 1538 1371 di-

471 1420 562 1491 vinae
575 1417 731 1491 caritatis
746 1416 890 1515 copiosa
897 1414 1161 1488 administratio
1174 1412 1246 1486 hoc
1259 1414 1379 1512 ipsum
1392 1414 1538 1487 effectui

471 1534 677 1634 mancipare
692 1531 974 1605 misericorditer
989 1528 1245 1629 suppeditaret.
1263 1528 1367 1603 Unde
1387 1530 1534 1626 legiturr

472 1646 723 1723 Misericordia
746 1646 824 1746 ejus
845 1672 953 1745 super
976 1648 1099 1718 ommia
1121 1671 1233 1745 opera
1256 1646 1336 1745 ejus
1353 1652 1376 1719 ¹.
1394 1652 1447 1719 Ex
1462 1671 1538 1746 quo

473 1765 622 1864 quidem
637 1770 732 1862 [cum
754 1762 833 1835 aliis
854 1762 1025 1835 audacter
1047 1777 1083 1835 et
1110 1762 1281 1835 veraciter
1307 1762 1535 1863 profitemur,

474 1882 576 1981 quod
591 1895 727 1980 quanto
743 1880 818 1954 sola
833 1878 1079 1954 misericordia
1095 1878 1210 1953 salvos
1226 1904 1293 1952 nos
1310 1879 1396 1952 lacit
1409 1904 1477 1978 per
1492 1880 1541 1953 la·

473 2022 624 2073 vacrum
645 1998 919 2094 regenerationis
935 2012 972 2069 et
987 1996 1228 2069 renovationis
1244 1996 1396 2095 Spiritus
1408 1998 1537 2088 sancti,

475 2127 575 2188 tanto
589 2138 656 2186 nos
674 2113 872 2210 gratissimo
891 2110 1083 2211 purificatae
1097 2112 1229 2184 mentis
1240 2110 1451 2184 holocausto
1470 2136 1540 2211 pro

475 2245 554 2303 toto
570 2228 659 2302 velle
671 2245 708 2302 et
719 2253 824 2329 posse
832 2229 1007 2328 justitiam
1022 2243 1196 2319 nostram,
1206 2243 1541 2327 quantumcumque

476 2360 513 2418 et
530 2347 605 2445 ipse
623 2344 775 2437 dederit,
801 2344 952 2444 supplici
970 2345 1003 2417 ei
1019 2344 1212 2418 devotione
1227 2344 1360 2418 offerre
1375 2345 1540 2419 elabore-

477 2486 558 2534 mus
573 2478 633 2534 :ut
649 2462 724 2560 ipse
736 2462 799 2559 qui
814 2476 933 2562 potest
948 2475 990 2533 ut
1001 2464 1110 2553 Deus,
1127 2462 1188 2559 qui
1204 2461 1313 2534 debet
1327 2475 1369 2533 ut
1383 2476 1538 2554 creator,

477 2579 507 2649 si
524 2602 598 2650 non
616 2578 825 2669 resistimus,
848 2576 1094 2677 disparitatem
1116 2578 1221 2650 istam
1242 2578 1479 2676 periculosam
1501 2579 1541 2650 in

477 2692 585 2766 nobis
613 2693 793 2792 parificet,
823 2694 1086 2767 contrarietatis
1115 2693 1290 2766 intestinae
1314 2686 1538 2793 inimicitias,

478 2828 567 2903 quas
587 2806 625 2877 in
647 2806 809 2879 amicitiae
825 2806 901 2905 ejus
919 2804 1107 2878 amissione
1118 2806 1235 2905 prima
1250 2806 1542 2905 prevaricatione

478 2921 709 3013 incurrimus,
723 2920 948 2995 eaineffabili
963 2922 1110 2995 caritate
1120 2946 1191 3020 qua
1200 2921 1424 2995 divinitatem
1438 2946 1541 2994 suam

478 3038 662 3136 captivatae
679 3038 1032 3111 humanitatinostrae
1044 3038 1273 3111 ineffabiliter
1280 3053 1317 3110 et
1325 3037 1543 3136 inseparabi-

478 3153 559 3226 liter
567 3156 695 3246 univit,
707 3154 889 3249 dissolvat,
899 3156 1014 3255 sopita
1021 3155 1236 3228 carnalitatis
1247 3156 1454 3251 gravissima
1461 3180 1541 3228 mo·

479 3268 592 3360 lestia,
613 3270 842 3369 tumultuque
859 3271 1029 3345 vitiorum
1044 3270 1181 3364 sedato,
1194 3286 1321 3370 pacato
1334 3270 1541 3343 habitaculo

479 3385 648 3459 interiora
669 3388 902 3486 repugnantia
926 3387 1110 3487 pacificet3
1131 3401 1171 3459 ut
1191 3404 1313 3461 mente
1331 3403 1367 3460 et
1388 3412 1542 3487 corpore

479 3500 648 3600 expediti,
659 3518 796 3599 gratam
806 3504 839 3576 ei
848 3503 1042 3577 offerentes
1052 3504 1272 3594 servitutem,
1283 3503 1543 3576 beneficiorum

479 3616 590 3689 etiam
603 3619 864 3692 immensorum
884 3619 960 3717 ejus
978 3621 1074 3692 circa
1089 3644 1156 3692 nos
1171 3633 1208 3691 et
1228 3618 1389 3692 nobilem
1402 3620 1462 3691 cui
1476 3643 1542 3691 nos

479 3733 638 3833 praeferri
674 3736 841 3808 sustinuit
872 3735 1058 3808 ecclesiam
1085 3735 1259 3836 replicare
1290 3748 1326 3807 et
1346 3733 1542 3833 praedicare

479 3847 660 3923 valeamus
677 3850 887 3947 largitatem.
908 3856 970 3941 Ne,
989 3851 1019 3923 si
1038 3852 1131 3924 muti
1146 3852 1184 3924 in
1198 3850 1342 3925 laudem
1359 3852 1435 3949 ejus
1451 3852 1541 3924 exti-

480 3965 642 4058 terimus,
658 3965 918 4041 beneficiorum
939 3970 1016 4066 ejus
1030 3968 1080 4041 ob
1099 3968 1169 4039 hoc
1189 3966 1370 4041 desectum
1386 3968 1543 4040 incurra-

481 4106 574 4173 mus,
593 4099 629 4157 et
647 4108 773 4157 vocem
792 4084 891 4158 illam
917 4084 1125 4158 terribiliter
1149 4083 1337 4156 audiamus
1359 4112 1367 4154 ε
1392 4088 1475 4157 Non
1486 4098 1543 4153 est

482 4199 642 4270 inantus
657 4202 722 4299 qui
734 4198 869 4273 rediret
879 4218 917 4273 et
924 4199 1028 4273 daret
1037 4200 1192 4301 gloriam
1204 4205 1281 4273 Deo
1294 4202 1318 4273 ².

520 4435 550 4492 t.
561 4431 666 4499 Psalm.
679 4453 779 4508 cmv,
794 4438 823 4498 9.
835 4437 916 4501 -2.
931 4438 1017 4497 anae
1026 4438 1150 4512 Evang„
1162 4453 1237 4513 xvu,
1251 4434 1301 4496 18.
