3742 5667
614 750 676 805 vlu
697 750 746 804 DE
768 749 879 806 LOUlS
899 750 946 806 LE
967 748 1074 806 GttOS.
1336 754 1374 810 63

313 893 348 950 et
363 877 521 952 militum
537 895 574 952 et
587 879 750 978 peditum
767 878 896 976 singuli
910 902 976 977 pro
993 894 1070 952 toto
1085 905 1189 978 posse
1199 882 1292 954 vires
1304 883 1378 955 col-

314 993 476 1088 ligentes,
497 997 669 1092 quoniam
688 994 864 1069 timebant
879 996 1167 1092 potentissimum
1181 1021 1299 1092 regem
1310 1003 1378 1071 An·

314 1108 455 1204 glorum
488 1111 683 1184 Henricum
711 1109 875 1210 praesidia
907 1111 1153 1210 proditoribus
1185 1111 1298 1205 ferre,
1331 1113 1378 1186 ad

316 1249 443 1323 rupem
460 1225 645 1316 festinant,
664 1225 803 1299 declivo
819 1227 919 1323 rupis
941 1226 1075 1298 multos
1099 1226 1250 1300 militnm
1268 1243 1306 1299 et
1321 1253 1381 1326 pe-

315 1340 446 1430 ditum,
466 1365 512 1413 ne
532 1341 612 1439 quis
635 1342 742 1413 intret
764 1355 827 1412 aiat
848 1354 961 1431 exeat,
986 1356 1197 1440 opponunt3
1217 1342 1311 1414 viam
1338 1366 1381 1414 ex

315 1471 417 1554 parte
438 1461 727 1531 Normannorum
743 1456 898 1531 locando
918 1459 1132 1550 exercitum,
1154 1485 1199 1532 ne
1217 1459 1382 1560 praesidia

318 1573 448 1663 lerant,
463 1572 677 1646 obtrudunt.
947 1565 952 1578 ¹

367 1688 517 1760 {nterim
530 1688 577 1760 ad
591 1713 710 1786 regem
722 1690 871 1762 mittunt
890 1690 1132 1782 Ludovicunr,
1147 1691 1383 1764 fauctionem¹

319 1802 533 1900 significant,
553 1803 690 1901 etquid
708 1829 816 1904 super
830 1805 887 1876 liis
900 1806 1080 1905 praecipiat
1095 1806 1297 1880 consulunt.
1312 1802 1386 1895 Qui

318 1920 421 2015 regiae
438 1919 632 2016 majestatis
643 1919 794 2018 imperio
809 1935 927 1992 morte
943 1921 1115 2019 exquisita
1131 1936 1166 1993 et
1181 1922 1385 2020 turpissima

319 2034 481 2132 praecipit
503 2031 672 2132 puniri¹3
717 2035 875 2126 mandat,
904 2036 933 2107 si
962 2052 1150 2134 oporteat,
1179 2037 1383 2133 suffragari.

320 2150 487 2244 Cumque
501 2171 564 2245 per
577 2146 714 2243 aliquot
729 2146 807 2220 dies
824 2149 999 2220 exercitus
1013 2147 1244 2240 consedisset,
1260 2149 1386 2221 nefan-

323 2263 391 2336 dus
404 2261 478 2353 ille,
502 2277 730 2358 augmentato
755 2261 877 2336 dedic
893 2264 931 2334 in
954 2262 1052 2335 diem
1069 2266 1238 2357 exercitu,
1260 2265 1388 2337 timere

323 2380 444 2478 coepit.
463 2382 628 2476 Cumque
645 2378 733 2477 quid
750 2379 922 2452 suadente
934 2378 1083 2452 diabolo
1098 2380 1250 2472 fecisset,
1268 2405 1312 2453 eo
1326 2379 1389 2452 do-

325 2511 448 2583 cente,
476 2492 794 2581 animadverteret,
820 2496 941 2567 accitis
967 2495 1186 2593 quibusdam
1203 2497 1389 2599 llilcassini

326 2610 580 2700 nobilioribus,
607 2611 793 2710 quomodo
823 2636 912 2710 pace
934 2613 972 2684 in
994 2637 1082 2712 rupe
1107 2628 1312 2701 remaneat,
1338 2613 1389 2684 eis

327 2728 605 2818 confoederetur,
616 2729 689 2824 regi
703 2732 919 2802 Francorum
933 2730 1071 2826 optime
1083 2731 1225 2819 serviat,
1239 2730 1391 2828 promis-

327 2845 491 2916 sionibus
518 2844 642 2916 multis
668 2842 840 2916 elaborat.
873 2845 944 2930 Qui
967 2844 1181 2941 rejicientes,
1212 2860 1247 2916 et
1267 2844 1392 2942 prodi·

329 2962 437 3034 tionis
469 2961 645 3032 ultionem
671 2960 969 3058 improperantes,
1000 2960 1038 3031 in
1061 2960 1132 3032 lroc
1149 2960 1226 3058 jam
1248 2961 1394 3059 ipsum⁸

328 3078 519 3148 remissum
536 3076 773 3174 impulerunt,
785 3076 1197 3174 utsiterramquandam
1213 3075 1281 3149 sibi
1294 3077 1393 3175 adju-

328 3194 398 3264 rari
412 3191 585 3282 lacerent,
603 3207 639 3264 et
655 3187 883 3264 securitatem
897 3190 1007 3263 eundi
1024 3192 1164 3284 darent,
1181 3209 1393 3291 occupatam

329 3307 528 3380 dimitteret
543 3306 593 3378 eis
615 3306 865 3378 munitionem.
890 3310 972 3394 Quo
982 3306 1217 3404 jurejurando
1234 3306 1390 3393 firmato,

331 3427 552 3495 Francorum
568 3421 712 3520 plures*
726 3423 862 3520 recepti
880 3436 977 3494 sunt.
997 3424 1258 3495 Procrustinato
1271 3439 1394 3498 autem

333 3564 460 3612 eorum
474 3539 583 3628 exitu,
600 3538 789 3611 occasione
798 3537 942 3637 praelata
953 3542 975 3630 ⁸,
995 3561 1080 3610 cum
1095 3538 1132 3609 in
1146 3563 1252 3610 mane
1265 3554 1395 3638 praeter

328 3655 469 3753 juratos
491 3654 602 3752 aliqui
623 3655 810 3747 intrarent,
831 3670 867 3727 et
885 3653 944 3726 alii
961 3653 1049 3725 alios
1075 3656 1321 3752 sequerentur,
1338 3655 1395 3726 in-

333 3771 447 3845 valuit
469 3772 605 3844 clamor
627 3773 858 3862 exteriorum,
881 3785 916 3842 et
929 3785 970 3843 ut
989 3770 1195 3869 proditores
1216 3785 1397 3867 exponant

376 4007 408 4064 l.
422 4007 583 4062 Factionem
594 4006 686 4066 6265.
1041 4073 1046 4093 ι

376 4102 407 4159 2.
418 4103 536 4158 Muntrt
547 4100 616 4176 135,
627 4109 656 4158 et
668 4095 734 4157 edd.
751 4097 858 4158 chesn.
874 4115 909 4156 uc
924 4096 1026 4158 Germ.

376 4195 408 4252 3.
419 4196 517 4268 Ipsum
532 4190 608 4250 solus
626 4194 696 4263 1³5,
708 4203 737 4251 et
748 4189 818 4254 edd.
1226 4263 1234 4283 ί

376 4289 596 4346 11.aner
617 4291 705 4362 pauci
723 4289 824 4361 plures
846 4287 916 4346 543.
939 4317 979 4332 -
1005 4288 1110 4344 Franci*
1131 4288 1220 4360 pauci
1234 4286 1333 4359 planes
1349 4279 1400 4342 alii

335 4379 558 4551 Mamm
570 4475 629 4534 135
650 4485 679 4534 et
690 4473 759 4536 edit.
773 4505 810 4522 -
825 4475 957 4550 Praefatae
967 4488 1048 4534 terre
1059 4483 1186 4553 quatuor
1197 4469 1248 4532 alii
1261 4469 1350 4533 codd.
