3742 5667
496 677 554 735 aas
712 676 876 735 movens
895 661 1110 734 counimus
1129 677 1180 734 ua
1198 675 1333 734 suoru

494 808 634 883 Addam
650 810 746 882 enim
762 808 1007 899 libentissime,
1026 833 1070 880 eo
1086 808 1186 906 quod
1201 807 1249 881 ab
1265 808 1360 880 illius
1377 807 1551 880 memoria

494 922 690 996 difficulter
710 923 863 1009 avellar3
892 938 932 995 ut
953 924 1068 1020 etqui
1093 948 1167 995 non
1192 939 1339 1012 norunt,
1359 938 1492 1014 totum,
1521 920 1550 993 si

494 1038 573 1110 lieri
594 1038 720 1138 possit,
739 1063 823 1112 eum
846 1053 1052 1136 agnoscant,
1076 1053 1111 1109 et
1132 1036 1195 1136 qui
1222 1052 1356 1110 norunt
1375 1060 1551 1133 recogno·

492 1170 605 1229 scant.
627 1156 709 1229 Scio
733 1157 830 1228 enim
849 1155 1123 1256 quamplurimis
1140 1154 1312 1254 quicquid
1327 1155 1365 1226 in
1384 1155 1460 1252 ejus
1473 1153 1549 1226 lau·

493 1271 578 1344 dem
601 1285 824 1371 temptavero
853 1270 931 1342 lore
960 1271 1213 1366 gratissimum.
1238 1273 1317 1342 Non
1343 1268 1444 1368 quod
1474 1269 1552 1365 ejus

492 1411 602 1486 opera
618 1386 781 1459 universa
797 1401 833 1458 et
846 1386 993 1457 virtutes
1004 1385 1158 1481 egregias
1173 1387 1263 1457 scire
1274 1383 1469 1482 potuerim,
1486 1383 1552 1456 sed

493 1529 540 1576 ne
559 1503 705 1576 illorum
721 1502 869 1600 quidem
886 1500 1027 1598 aliquis,
1045 1501 1107 1598 qui
1122 1515 1205 1573 ante
1222 1525 1277 1572 me
1291 1500 1399 1595 longo
1413 1500 1464 1572 illi
1484 1498 1549 1573 ad-

493 1615 674 1686 haeserunt
695 1626 901 1712 tempore,e
917 1610 1049 1708 quibus
1062 1611 1170 1683 hodie
1184 1611 1350 1682 videntur
1366 1635 1550 1710 superesse

493 1729 711 1829 paucissimi.
738 1735 818 1802 Jam
842 1728 976 1826 quippe
998 1726 1049 1799 illi
1075 1729 1172 1800 canis
1198 1741 1306 1825 caput
1330 1726 1546 1820 albescebat,

492 1844 640 1943 quando
667 1868 725 1917 me
751 1842 970 1915 celsitudinis
991 1867 1063 1914 suae
1087 1841 1324 1939 dignatusest
1350 1845 1547 1916 consortio.

494 1962 628 2052 Quidni
645 1963 795 2058 gratiam
812 1959 863 2032 illi
889 1984 956 2058 pro
976 1984 1079 2058 posse
1102 1958 1276 2031 referam?
1296 1958 1431 2047 Quidni
1449 1975 1549 2032 tanto

494 2079 570 2176 ejus
583 2077 723 2149 nomini
737 2098 877 2174 semper
890 2075 1097 2170 assurgam?
1113 2074 1182 2162 Qui
1197 2073 1382 2146 hominem
1392 2075 1552 2173 peregri-

493 2219 597 2286 num,
617 2191 792 2265 advenam
810 2205 846 2263 et
864 2215 1011 2287 prorsus
1034 2189 1221 2286 indignum
1243 2214 1309 2261 suo
1328 2189 1550 2263 familiariter

414 2376 420 2382 .
493 2306 637 2381 admisit
659 2306 911 2395 contubemio‚
935 2321 971 2378 et
995 2329 1126 2378 mensae
1146 2305 1350 2403 frequenter
1368 2303 1545 2380 adhibuit.

492 2423 595 2496 Unde
606 2423 690 2496 satis
702 2420 936 2495 animadverti
948 2421 1066 2514 datur,
1077 2419 1176 2518 quod
1187 2446 1297 2520 penes
1313 2420 1414 2493 illum
1429 2445 1554 2522 accep·

493 2537 543 2610 tio
556 2563 793 2637 personarum
807 2563 881 2610 non
893 2538 1013 2610 luerit.

541 2654 612 2742 Qui
633 2655 691 2726 vir
711 2653 895 2750 gloriosus,
914 2653 1087 2751 quoniam
1104 2676 1171 2752 pro
1194 2650 1347 2762 publicis
1370 2652 1427 2725 vel
1450 2655 1548 2750 regni

377 2809 381 2816 1
492 2769 549 2841 vel
562 2769 725 2842 Ecclesiae
738 2769 950 2842 utilitatibus
970 2769 1187 2844 monasterio
1206 2768 1428 2865 frequentius
1445 2793 1549 2866 coge-

493 2884 601 2956 batur
629 2883 763 2975 abesse,
786 2883 831 2955 de
850 2883 1019 2956 iratribus
1038 2883 1272 2956 constituerat
1295 2884 1390 2956 viros
1414 2885 1547 2984 proba·

493 3013 551 3072 tos
566 3015 602 3072 et
617 3000 694 3072 zelo
710 2998 833 3072 divino
849 3023 1050 3089 succensos,
1072 2999 1135 3096 qui
1155 2999 1191 3070 in
1209 3023 1313 3094 grege
1329 2996 1397 3070 sibi
1413 3000 1552 3074 credito

493 3114 658 3189 doctrina
686 3129 723 3186 et
751 3114 920 3212 exemplis
947 3115 1064 3187 vicem
1088 3113 1297 3213 supplerent
1318 3114 1489 3190 absentis.
1509 3122 1551 3191 lu

494 3229 626 3327 quibus
635 3229 891 3329 promovendis
905 3254 978 3301 non
991 3253 1102 3324 genus
1114 3229 1281 3328 respexit,
1292 3255 1366 3302 non
1378 3233 1549 3329 patriam;

495 3342 559 3417 sed
587 3370 743 3444 quorum
768 3345 877 3416 vitam
896 3344 1124 3443 probaverat,
1146 3344 1214 3416 hos
1232 3361 1268 3418 et
1289 3347 1483 3444 promovit.
1509 3345 1552 3420 ld

495 3484 539 3532 er
555 3485 599 3532 eo
612 3459 693 3532 licet
709 3458 943 3559 perpendere,
954 3458 1055 3556 quod
1070 3463 1262 3552 Heraeum,
1275 3485 1412 3558 magnae
1428 3463 1554 3535 sancti·

496 3577 620 3648 tatiset
629 3575 726 3648 mirae
737 3574 1108 3678 simplicitatisvirum‚
1121 3575 1203 3647 licet
1212 3576 1332 3648 minus
1341 3577 1551 3670 litteratum,

495 3691 646 3764 fratrum
668 3708 786 3764 tamen
808 3691 1073 3786 congregationi
1094 3690 1264 3790 praefecit,
1288 3717 1362 3764 non
1388 3693 1555 3790 ignorum

496 3807 598 3903 quod
621 3807 766 3879 scientia
784 3807 911 3905 saepius
925 3806 1039 3897 iullat,
1056 3805 1210 3879 charitas
1227 3831 1369 3905 semper
1384 3807 1550 3881 aedificat.

544 3923 624 3995 Sive
640 3921 740 3996 domi
756 3936 844 4015 erat,
861 3947 924 3994 seu
941 3921 1040 4014 loris,
1059 3922 1198 3994 videres
1219 3923 1365 3996 adeum
1380 3923 1553 4022 cujusque

495 4037 633 4109 ordinis
653 4052 689 4110 et
708 4037 886 4135 religionis
909 4035 1032 4109 turbas
1053 4037 1259 4129 conuolare,
1286 4062 1307 4109 c
1331 4037 1465 4136 quibus
1493 4039 1552 4111 alii

495 4153 644 4253 quidem
659 4177 868 4252 corporum,
880 4152 941 4225 alii
955 4177 1042 4224 vero
1056 4152 1256 4225 animarum
1271 4153 1418 4253 aliquod
1427 4179 1551 4254 repor-

492 4267 621 4344 tabant
632 4266 845 4342 subsidium.
857 4273 887 4340 N
890 4267 982 4341 ullus
994 4268 1041 4341 ab
1054 4293 1098 4342 eo
1111 4286 1272 4365 moestus,
1287 4269 1406 4346 nullus
1418 4296 1553 4345 vacuus

495 4385 698 4461 recedebat.
727 4390 845 4474 Quam
870 4385 990 4482 largus
1023 4385 1060 4458 in
1091 4412 1280 4487 pauperes,
1312 4388 1403 4461 circa
1439 4412 1553 4487 aegros
