3742 5667
614 773 676 830 vln
697 773 748 830 DE
767 773 879 834 totns
899 773 949 830 Ltt
969 771 1080 834 GROS.
1336 777 1375 834 tt

311 929 389 980 cum
410 918 532 978 matre
559 906 817 980 vicecomitissa
848 921 885 978 et
913 930 1041 1002 magna
1073 931 1182 982 manu
1217 909 1376 984 milium

312 1023 416 1096 venit¹
433 1049 442 1093 τ
462 1037 656 1121 castroque
679 1021 726 1096 ab
751 1022 922 1096 omnibus
943 1023 1067 1096 votivo
1096 1041 1261 1124 receptus
1293 1053 1376 1127 per-

307 1140 416 1239 jurio,
444 1137 623 1212 beneficia
646 1139 756 1239 patris
780 1141 907 1238 saepius
932 1139 1189 1238 lachrymando
1214 1143 1374 1241 replicat,

310 1279 519 1354 generosam
531 1271 569 1329 ct
580 1255 781 1328 naturalem
803 1281 930 1330 eorum
950 1256 1164 1330 industriam
1183 1282 1376 1356 repraesen·

311 1387 371 1462 tat,
388 1371 504 1444 fidem
519 1371 722 1446 mirabilem
742 1372 925 1470 praedicat,
952 1375 1190 1447 revocationis
1210 1399 1282 1447 suae
1301 1400 1377 1472 gra-

309 1490 439 1562 tiarum
448 1489 609 1560 actiones
624 1501 796 1586 reportat,
816 1503 853 1560 et
868 1501 909 1559 ut
923 1487 1018 1559 bene
1041 1504 1159 1588 coepta
1176 1489 1269 1562 bene
1295 1515 1377 1589 per·

309 1605 443 1697 liciant,
454 1602 606 1700 genibus
621 1628 747 1676 eorum
770 1604 995 1702 provolutus,
1015 1605 1222 1705 suppliciter
1237 1623 1371 1682 exorat.

308 1721 380 1793 Tali
411 1736 449 1793 et
480 1736 555 1792 tam
580 1719 725 1816 lugubri
748 1719 995 1816 genuflexione
1020 1721 1116 1814 flexi,
1148 1739 1300 1796 currunt
1328 1723 1376 1798 ad

308 1861 419 1926 arma,
440 1837 610 1909 festinant
625 1835 671 1908 ad
687 1837 832 1928 turrim,
850 1837 1086 1909 committunt
1101 1853 1226 1910 contra
1250 1837 1376 1912 defen·

309 1977 405 2026 sores
433 1955 543 2026 turris
573 1952 710 2050 gladiis,
740 1953 883 2054 lanceis,
918 1955 1018 2048 igne,
1046 1952 1196 2027 sudibus
1220 1971 1256 2028 et
1287 1958 1377 2029 saxis

308 2069 496 2160 acerrime,
527 2085 568 2141 ut
591 2085 628 2142 et
651 2069 874 2140 antemurale
901 2070 1012 2141 turris
1032 2069 1199 2167 pluribus
1220 2072 1258 2144 in
1290 2070 1377 2146 locis

309 2185 554 2284 perfoderent,
573 2201 609 2258 et
621 2185 756 2258 multos
769 2186 897 2258 turrim
912 2184 1184 2260 defendentium
1206 2185 1254 2259 ad
1278 2212 1375 2261 mor·

310 2318 380 2376 tem
391 2303 636 2376 vulnerarent.
659 2306 744 2376 Erat
763 2301 940 2400 siquidem
958 2303 996 2373 in
1017 2301 1144 2374 eadem
1171 2304 1261 2376 turri
1285 2329 1377 2378 uxor

309 2418 443 2518 praefati
452 2417 643 2508 Guidonis,
656 2434 692 2494 et
707 2417 780 2491 lilia
791 2417 942 2491 domino
952 2417 1135 2490 Ludovico
1146 2416 1373 2518 desponsata.

310 2533 414 2622 Quod
426 2559 514 2606 cum
532 2534 678 2607 auribus
697 2534 848 2633 dapiferi
872 2533 1051 2606 Guidonis
1075 2535 1304 2626 insonuisset,
1336 2550 1377 2608 ut

311 2664 382 2720 erat
394 2650 742 2746 virmagnanimus¹,
762 2650 926 2749 expedite
942 2649 1067 2742 exiliit,
1077 2664 1113 2722 et
1136 2675 1221 2726 cum
1240 2666 1376 2748 quanta

309 2791 417 2838 manu
445 2766 604 2840 militum
632 2769 751 2868 potuit
787 2767 933 2842 castello
971 2766 1142 2840 audacter
1181 2769 1378 2867 appropin-

312 2883 449 2981 quavit3
463 2882 527 2956 sed
541 2900 590 2977 et,
602 2899 643 2958 ut
657 2909 694 2958 se
708 2883 963 2984 undecumque
979 2899 1175 2982 sequantur
1189 2883 1374 2976 velociter,

312 2999 553 3074 velocissimos
564 3001 710 3074 nuntios
726 3001 837 3074 misit.
860 3001 931 3090 Qui
952 3016 1075 3074 autem
1102 3000 1233 3073 turrim
1255 3001 1376 3100 impu·

313 3115 480 3211 gnabant,
499 3141 519 3188 a
535 3132 661 3190 monte
676 3141 757 3189 eum
776 3116 950 3210 videntes,
968 3117 1053 3214 quia
1065 3116 1230 3188 nondum
1246 3116 1377 3189 turrim

313 3231 452 3305 vincere
468 3247 674 3330 potuerant,
702 3231 898 3305 adventurn
924 3232 1087 3304 subitum
1100 3231 1237 3303 domini
1258 3230 1375 3303 Ludo·

314 3349 377 3420 vici
397 3363 571 3446 tanquam
580 3347 745 3445 jugulum
761 3349 1012 3439 formidantes,
1029 3362 1324 3438 retrocesserunt,
1341 3361 1379 3419 et

314 3491 354 3537 an
368 3477 516 3556 starent,
533 3489 578 3535 an
594 3463 889 3560 fugamfacerent,
906 3465 1246 3562 hoererccoeperunt.
1258 3460 1378 3535 Guido

315 3607 407 3672 vero,
427 3596 468 3654 ut
484 3596 560 3654 erat
575 3597 740 3655 strenuus
755 3597 790 3654 et
816 3583 852 3654 in
879 3583 974 3654 arto¹
1005 3579 1192 3678 providus,
1226 3578 1377 3651 Garlan-

315 3695 436 3770 denses
447 3697 611 3770 consulte
624 3723 646 3769 a
659 3714 776 3770 castro
793 3699 931 3789 ascivit,
948 3721 1073 3796 pacem
1082 3696 1176 3792 regis
1191 3710 1227 3767 et
1239 3694 1378 3767 domini

315 3807 480 3882 Ludosici
502 3824 540 3880 et
562 3811 710 3905 gratiam
726 3807 962 3908 jurejurando
985 3807 1156 3898 firmavit,
1188 3822 1223 3878 et
1254 3831 1316 3878 eos
1342 3820 1379 3877 et

315 3947 435 3996 eorum
449 3924 658 4023 complices‘
673 3926 792 4000 taliter
805 3925 851 3999 ab
868 3928 1026 4024 incoepto
1044 3922 1221 3999 removit:
1238 3945 1379 3998 eorum·

355 4223 382 4278 1.
401 4221 578 4281 Annollol
588 4221 633 4282 vel
646 4225 736 4282 tros.

356 4317 382 4374 1.
404 4318 555 4374 Unanimis
570 4318 640 4388 tat,
656 4327 743 4394 atque
756 4316 823 4377 edd.
839 4317 942 4376 Germ.
961 4326 991 4374 et
1002 4314 1107 4374 chesn.

357 4411 383 4464 3.
403 4413 472 4466 Arte
486 4407 553 4468 edd.
568 4442 609 4454 -
621 4415 703 4482 Arta,
720 4429 775 4488 pro
796 4425 886 4482 arcto,
900 4410 987 4470 codd.
1004 4427 1116 4471 omnes.

357 4505 543 4579 tempores
557 4505 636 4562 aaut
648 4523 682 4562 ac
691 4501 763 4566 edit.
774 4501 924 4564 Benedict.
933 4501 1060 4562 Deestiu
1070 4501 1153 4580 reliq.
1169 4498 1257 4568 codd.
1267 4500 1375 4562 etcdd.
