<?xml version="1.0" encoding="UTF-8"?>
<!DOCTYPE html PUBLIC "-//W3C//DTD XHTML 1.0 Transitional//EN"
    "http://www.w3.org/TR/xhtml1/DTD/xhtml1-transitional.dtd">
<html xmlns="http://www.w3.org/1999/xhtml" xml:lang="en" lang="en">
 <head>
  <title>
</title>
<meta http-equiv="Content-Type" content="text/html;charset=utf-8" />
  <meta name='ocr-system' content='tesseract 3.04.00' />
  <meta name='ocr-capabilities' content='ocr_page ocr_carea ocr_par ocr_line ocrx_word'/>
</head>
<body>
  <div class='ocr_page' id='page_1' title='image "./oeuvrescompltes00sugegoog_0299.png"; bbox 0 0 3742 5667; ppageno 0'>
   <div class='ocr_carea' id='block_1_1' title="bbox 748 839 1363 903">
    <p class='ocr_par' dir='ltr' id='par_1_1' title="bbox 748 839 1363 903">
     <span class='ocr_line' id='line_1_1' title="bbox 748 839 1363 903; baseline 0.01 -6"><span class='ocrx_word' id='word_1_1' title='bbox 748 839 920 901; x_wconf 75' lang='lat' dir='ltr'><strong>tumus.</strong></span> <span class='ocrx_word' id='word_1_2' title='bbox 1304 846 1363 903; x_wconf 74' lang='grc'><strong>265</strong></span> 
     </span>
    </p>
   </div>
   <div class='ocr_carea' id='block_1_2' title="bbox 303 967 1366 2460">
    <p class='ocr_par' dir='ltr' id='par_1_2' title="bbox 303 967 1366 2460">
     <span class='ocr_line' id='line_1_2' title="bbox 304 967 1363 1069; baseline 0.008 -31"><span class='ocrx_word' id='word_1_3' title='bbox 304 982 341 1039; x_wconf 85' lang='lat' dir='ltr'><strong>et</strong></span> <span class='ocrx_word' id='word_1_4' title='bbox 364 967 516 1060; x_wconf 80' lang='lat' dir='ltr'>honore,</span> <span class='ocrx_word' id='word_1_5' title='bbox 537 993 646 1067; x_wconf 91' lang='lat' dir='ltr'><strong>quem</strong></span> <span class='ocrx_word' id='word_1_6' title='bbox 665 968 766 1043; x_wconf 84' lang='lat' dir='ltr'><strong>valde</strong></span> <span class='ocrx_word' id='word_1_7' title='bbox 785 969 981 1068; x_wconf 91' lang='lat' dir='ltr'><strong>diligimus.</strong></span> <span class='ocrx_word' id='word_1_8' title='bbox 1007 975 1129 1069; x_wconf 87' lang='lat' dir='ltr'>Neque</span> <span class='ocrx_word' id='word_1_9' title='bbox 1151 973 1246 1045; x_wconf 92' lang='lat' dir='ltr'><strong>enim</strong></span> <span class='ocrx_word' id='word_1_10' title='bbox 1270 975 1363 1048; x_wconf 88' lang='lat' dir='ltr'><strong>obli-</strong></span> 
     </span>
     <span class='ocr_line' id='line_1_3' title="bbox 304 1084 1364 1189; baseline 0.007 -33"><span class='ocrx_word' id='word_1_11' title='bbox 304 1084 408 1157; x_wconf 86' lang='lat' dir='ltr'><strong>vioui</strong></span> <span class='ocrx_word' id='word_1_12' title='bbox 431 1084 571 1158; x_wconf 78' lang='lat' dir='ltr'><strong>tradere</strong></span> <span class='ocrx_word' id='word_1_13' title='bbox 596 1087 791 1183; x_wconf 85' lang='lat' dir='ltr'><strong>poterimus</strong></span> <span class='ocrx_word' id='word_1_14' title='bbox 806 1088 982 1162; x_wconf 89' lang='lat' dir='ltr'><strong>honorem</strong></span> <span class='ocrx_word' id='word_1_15' title='bbox 1006 1102 1045 1160; x_wconf 90' lang='lat' dir='ltr'><strong>et</strong></span> <span class='ocrx_word' id='word_1_16' title='bbox 1069 1112 1231 1161; x_wconf 90' lang='lat' dir='ltr'><strong>amorem</strong></span> <span class='ocrx_word' id='word_1_17' title='bbox 1255 1116 1364 1189; x_wconf 89' lang='lat' dir='ltr'><strong>quem</strong></span> 
     </span>
     <span class='ocr_line' id='line_1_4' title="bbox 304 1197 1364 1301; baseline 0.008 -32"><span class='ocrx_word' id='word_1_18' title='bbox 304 1197 484 1293; x_wconf 87' lang='lat' dir='ltr'><strong>gloriosus</strong></span> <span class='ocrx_word' id='word_1_19' title='bbox 499 1225 562 1273; x_wconf 85' lang='lat' dir='ltr'><strong>rex</strong></span> <span class='ocrx_word' id='word_1_20' title='bbox 577 1202 749 1273; x_wconf 89' lang='lat' dir='ltr'><strong>Heuricus</strong></span> <span class='ocrx_word' id='word_1_21' title='bbox 774 1217 852 1275; x_wconf 93' lang='lat' dir='ltr'><strong>toto</strong></span> <span class='ocrx_word' id='word_1_22' title='bbox 875 1217 1038 1301; x_wconf 90' lang='lat' dir='ltr'><strong>tempore</strong></span> <span class='ocrx_word' id='word_1_23' title='bbox 1060 1203 1142 1275; x_wconf 79' lang='lat' dir='ltr'><strong>vitae</strong></span> <span class='ocrx_word' id='word_1_24' title='bbox 1164 1227 1236 1277; x_wconf 85' lang='lat' dir='ltr'><strong>suae</strong></span> <span class='ocrx_word' id='word_1_25' title='bbox 1259 1203 1364 1278; x_wconf 91' lang='lat' dir='ltr'><strong>nobis</strong></span> 
     </span>
     <span class='ocr_line' id='line_1_5' title="bbox 305 1314 1364 1417; baseline 0.008 -32"><span class='ocrx_word' id='word_1_26' title='bbox 305 1314 471 1389; x_wconf 85' lang='lat' dir='ltr'><strong>exhibuit</strong></span> <span class='ocrx_word' id='word_1_27' title='bbox 490 1343 498 1387; x_wconf 73' lang='grc' dir='ltr'><strong><em>ε</em></strong></span> <span class='ocrx_word' id='word_1_28' title='bbox 518 1318 581 1415; x_wconf 93' lang='lat' dir='ltr'><strong>qui</strong></span> <span class='ocrx_word' id='word_1_29' title='bbox 600 1342 685 1390; x_wconf 90' lang='lat' dir='ltr'><strong>cum</strong></span> <span class='ocrx_word' id='word_1_30' title='bbox 704 1319 881 1417; x_wconf 87' lang='lat' dir='ltr'><strong>sapienter</strong></span> <span class='ocrx_word' id='word_1_31' title='bbox 896 1334 932 1391; x_wconf 92' lang='lat' dir='ltr'><strong>et</strong></span> <span class='ocrx_word' id='word_1_32' title='bbox 954 1333 1119 1417; x_wconf 90' lang='lat' dir='ltr'><strong>potenter</strong></span> <span class='ocrx_word' id='word_1_33' title='bbox 1136 1320 1171 1391; x_wconf 89' lang='lat' dir='ltr'><strong>in</strong></span> <span class='ocrx_word' id='word_1_34' title='bbox 1193 1321 1364 1393; x_wconf 90' lang='lat' dir='ltr'><strong>adminis-</strong></span> 
     </span>
     <span class='ocr_line' id='line_1_6' title="bbox 304 1433 1364 1531; baseline 0.006 -28"><span class='ocrx_word' id='word_1_35' title='bbox 304 1433 461 1505; x_wconf 85' lang='lat' dir='ltr'><strong>tratione</strong></span> <span class='ocrx_word' id='word_1_36' title='bbox 485 1435 586 1529; x_wconf 89' lang='lat' dir='ltr'><strong>regni</strong></span> <span class='ocrx_word' id='word_1_37' title='bbox 610 1434 804 1531; x_wconf 80' lang='lat' dir='ltr'><strong>Anglorum</strong></span> <span class='ocrx_word' id='word_1_38' title='bbox 831 1450 866 1508; x_wconf 92' lang='lat' dir='ltr'><strong>et</strong></span> <span class='ocrx_word' id='word_1_39' title='bbox 897 1434 1048 1507; x_wconf 87' lang='lat' dir='ltr'><strong>ducatus</strong></span> <span class='ocrx_word' id='word_1_40' title='bbox 1076 1440 1364 1509; x_wconf 84' lang='lat' dir='ltr'><strong>Normannorum</strong></span> 
     </span>
     <span class='ocr_line' id='line_1_7' title="bbox 306 1548 1364 1651; baseline 0.005 -31"><span class='ocrx_word' id='word_1_41' title='bbox 306 1548 467 1638; x_wconf 87' lang='lat' dir='ltr'><strong>floreret,</strong></span> <span class='ocrx_word' id='word_1_42' title='bbox 489 1574 721 1648; x_wconf 90' lang='lat' dir='ltr'><strong>quocumque</strong></span> <span class='ocrx_word' id='word_1_43' title='bbox 735 1575 941 1647; x_wconf 85' lang='lat' dir='ltr'><strong>guerrarum</strong></span> <span class='ocrx_word' id='word_1_44' title='bbox 953 1566 989 1623; x_wconf 92' lang='lat' dir='ltr'><strong>et</strong></span> <span class='ocrx_word' id='word_1_45' title='bbox 1002 1550 1181 1625; x_wconf 89' lang='lat' dir='ltr'><strong>bellorum</strong></span> <span class='ocrx_word' id='word_1_46' title='bbox 1201 1566 1364 1651; x_wconf 91' lang='lat' dir='ltr'><strong>tempore</strong></span> 
     </span>
     <span class='ocr_line' id='line_1_8' title="bbox 304 1662 1363 1765; baseline 0.004 -29"><span class='ocrx_word' id='word_1_47' title='bbox 304 1662 404 1736; x_wconf 88' lang='lat' dir='ltr'><strong>bona</strong></span> <span class='ocrx_word' id='word_1_48' title='bbox 429 1667 548 1738; x_wconf 84' lang='lat' dir='ltr'><strong>Sancti</strong></span> <span class='ocrx_word' id='word_1_49' title='bbox 573 1667 732 1765; x_wconf 89' lang='lat' dir='ltr'><strong>Dionysii</strong></span> <span class='ocrx_word' id='word_1_50' title='bbox 762 1666 911 1740; x_wconf 90' lang='lat' dir='ltr'><strong>honeste</strong></span> <span class='ocrx_word' id='word_1_51' title='bbox 939 1683 974 1740; x_wconf 89' lang='lat' dir='ltr'><strong>et</strong></span> <span class='ocrx_word' id='word_1_52' title='bbox 991 1665 1142 1740; x_wconf 88' lang='lat' dir='ltr'><strong>fideliter</strong></span> <span class='ocrx_word' id='word_1_53' title='bbox 1160 1670 1363 1741; x_wconf 87' lang='lat' dir='ltr'><strong>conservari</strong></span> 
     </span>
     <span class='ocr_line' id='line_1_9' title="bbox 306 1778 1364 1875; baseline 0.006 -26"><span class='ocrx_word' id='word_1_54' title='bbox 306 1778 472 1867; x_wconf 90' lang='lat' dir='ltr'><strong>faciebat,</strong></span> <span class='ocrx_word' id='word_1_55' title='bbox 490 1781 699 1855; x_wconf 86' lang='lat' dir='ltr'><strong>familiarem</strong></span> <span class='ocrx_word' id='word_1_56' title='bbox 714 1808 770 1856; x_wconf 91' lang='lat' dir='ltr'><strong>me</strong></span> <span class='ocrx_word' id='word_1_57' title='bbox 783 1782 961 1875; x_wconf 85' lang='lat' dir='ltr'><strong>hahebat;</strong></span> <span class='ocrx_word' id='word_1_58' title='bbox 981 1783 1138 1855; x_wconf 87' lang='lat' dir='ltr'><strong>venienti</strong></span> <span class='ocrx_word' id='word_1_59' title='bbox 1151 1784 1273 1874; x_wconf 88' lang='lat' dir='ltr'><strong>etiam,</strong></span> <span class='ocrx_word' id='word_1_60' title='bbox 1290 1798 1364 1855; x_wconf 90' lang='lat' dir='ltr'><strong>tam</strong></span> 
     </span>
     <span class='ocr_line' id='line_1_10' title="bbox 303 1898 1364 1997; baseline 0.005 -31"><span class='ocrx_word' id='word_1_61' title='bbox 303 1910 451 1992; x_wconf 88' lang='lat' dir='ltr'><strong>potens,</strong></span> <span class='ocrx_word' id='word_1_62' title='bbox 480 1911 556 1969; x_wconf 88' lang='lat' dir='ltr'><strong>tam</strong></span> <span class='ocrx_word' id='word_1_63' title='bbox 582 1899 755 1972; x_wconf 89' lang='lat' dir='ltr'><strong>discretus</strong></span> <span class='ocrx_word' id='word_1_64' title='bbox 780 1898 1008 1993; x_wconf 89' lang='lat' dir='ltr'><strong>occurrebat,</strong></span> <span class='ocrx_word' id='word_1_65' title='bbox 1038 1913 1087 1991; x_wconf 88' lang='lat' dir='ltr'><strong>et,</strong></span> <span class='ocrx_word' id='word_1_66' title='bbox 1117 1899 1218 1997; x_wconf 92' lang='lat' dir='ltr'><strong>quod</strong></span> <span class='ocrx_word' id='word_1_67' title='bbox 1240 1898 1364 1971; x_wconf 87' lang='lat' dir='ltr'><strong>multis</strong></span> 
     </span>
     <span class='ocr_line' id='line_1_11' title="bbox 304 2012 1365 2113; baseline 0.004 -30"><span class='ocrx_word' id='word_1_68' title='bbox 304 2036 454 2084; x_wconf 91' lang='lat' dir='ltr'><strong>suorum</strong></span> <span class='ocrx_word' id='word_1_69' title='bbox 479 2012 624 2106; x_wconf 87' lang='lat' dir='ltr'><strong>celaret,</strong></span> <span class='ocrx_word' id='word_1_70' title='bbox 650 2013 696 2088; x_wconf 92' lang='lat' dir='ltr'><strong>de</strong></span> <span class='ocrx_word' id='word_1_71' title='bbox 721 2013 978 2087; x_wconf 86' lang='lat' dir='ltr'><strong>reformatione</strong></span> <span class='ocrx_word' id='word_1_72' title='bbox 1005 2014 1103 2112; x_wconf 88' lang='lat' dir='ltr'><strong>pacis</strong></span> <span class='ocrx_word' id='word_1_73' title='bbox 1122 2015 1250 2113; x_wconf 84' lang='lat' dir='ltr'><strong>saepius</strong></span> <span class='ocrx_word' id='word_1_74' title='bbox 1276 2014 1365 2087; x_wconf 91' lang='lat' dir='ltr'><strong>mihi</strong></span> 
     </span>
     <span class='ocr_line' id='line_1_12' title="bbox 305 2127 1364 2227; baseline 0.004 -28"><span class='ocrx_word' id='word_1_75' title='bbox 305 2127 503 2226; x_wconf 90' lang='lat' dir='ltr'><strong>aperiebat.</strong></span> <span class='ocrx_word' id='word_1_76' title='bbox 516 2129 618 2202; x_wconf 86' lang='lat' dir='ltr'><strong>Unde</strong></span> <span class='ocrx_word' id='word_1_77' title='bbox 629 2130 772 2223; x_wconf 89' lang='lat' dir='ltr'><strong>crebro,</strong></span> <span class='ocrx_word' id='word_1_78' title='bbox 780 2135 857 2203; x_wconf 91' lang='lat' dir='ltr'><strong>Deo</strong></span> <span class='ocrx_word' id='word_1_79' title='bbox 865 2131 1071 2221; x_wconf 79' lang='lat' dir='ltr'><strong>auxiliante,</strong></span> <span class='ocrx_word' id='word_1_80' title='bbox 1082 2130 1230 2227; x_wconf 90' lang='lat' dir='ltr'><strong>contigit</strong></span> <span class='ocrx_word' id='word_1_81' title='bbox 1240 2146 1364 2203; x_wconf 90' lang='lat' dir='ltr'><strong>nostro</strong></span> 
     </span>
     <span class='ocr_line' id='line_1_13' title="bbox 304 2244 1366 2345; baseline 0.002 -28"><span class='ocrx_word' id='word_1_82' title='bbox 304 2244 430 2318; x_wconf 86' lang='lat' dir='ltr'><strong>labore</strong></span> <span class='ocrx_word' id='word_1_83' title='bbox 446 2244 492 2318; x_wconf 92' lang='lat' dir='ltr'><strong>de</strong></span> <span class='ocrx_word' id='word_1_84' title='bbox 504 2246 626 2318; x_wconf 92' lang='lat' dir='ltr'><strong>multis</strong></span> <span class='ocrx_word' id='word_1_85' title='bbox 638 2246 773 2343; x_wconf 82' lang='lat' dir='ltr'><strong>guerris</strong></span> <span class='ocrx_word' id='word_1_86' title='bbox 790 2262 826 2321; x_wconf 89' lang='lat' dir='ltr'><strong>et</strong></span> <span class='ocrx_word' id='word_1_87' title='bbox 846 2246 1029 2345; x_wconf 86' lang='lat' dir='ltr'><strong>implicitis</strong></span> <span class='ocrx_word' id='word_1_88' title='bbox 1045 2245 1245 2320; x_wconf 90' lang='lat' dir='ltr'><strong>multorum</strong></span> <span class='ocrx_word' id='word_1_89' title='bbox 1257 2271 1366 2319; x_wconf 86' lang='lat' dir='ltr'><strong>aemu-</strong></span> 
     </span>
     <span class='ocr_line' id='line_1_14' title="bbox 304 2359 1365 2460; baseline 0.001 -28"><span class='ocrx_word' id='word_1_90' title='bbox 304 2359 426 2433; x_wconf 92' lang='lat' dir='ltr'><strong>lorum</strong></span> <span class='ocrx_word' id='word_1_91' title='bbox 441 2361 737 2435; x_wconf 85' lang='lat' dir='ltr'><strong>machinamentis</strong></span> <span class='ocrx_word' id='word_1_92' title='bbox 753 2385 838 2434; x_wconf 91' lang='lat' dir='ltr'><strong>eum</strong></span> <span class='ocrx_word' id='word_1_93' title='bbox 859 2361 905 2434; x_wconf 90' lang='lat' dir='ltr'><strong>ad</strong></span> <span class='ocrx_word' id='word_1_94' title='bbox 921 2361 1058 2438; x_wconf 87' lang='lat' dir='ltr'><strong>bonam</strong></span> <span class='ocrx_word' id='word_1_95' title='bbox 1073 2362 1171 2460; x_wconf 86' lang='lat' dir='ltr'><strong>pacis</strong></span> <span class='ocrx_word' id='word_1_96' title='bbox 1186 2363 1365 2459; x_wconf 91' lang='lat' dir='ltr'><strong>composi-</strong></span> 
     </span>
    </p>
   </div>
   <div class='ocr_carea' id='block_1_3' title="bbox 304 2486 1370 4668">
    <p class='ocr_par' dir='ltr' id='par_1_3' title="bbox 304 2486 1368 3396">
     <span class='ocr_line' id='line_1_15' title="bbox 305 2486 1365 2587; baseline 0 -30"><span class='ocrx_word' id='word_1_97' title='bbox 305 2486 443 2558; x_wconf 91' lang='lat' dir='ltr'><strong>tionem</strong></span> <span class='ocrx_word' id='word_1_98' title='bbox 454 2488 653 2587; x_wconf 89' lang='lat' dir='ltr'><strong>pervenire.</strong></span> <span class='ocrx_word' id='word_1_99' title='bbox 668 2487 775 2575; x_wconf 90' lang='lat' dir='ltr'><strong>Quod</strong></span> <span class='ocrx_word' id='word_1_100' title='bbox 792 2488 821 2559; x_wconf 90' lang='lat' dir='ltr'><strong>si</strong></span> <span class='ocrx_word' id='word_1_101' title='bbox 832 2486 939 2559; x_wconf 90' lang='lat' dir='ltr'><strong>nobis</strong></span> <span class='ocrx_word' id='word_1_102' title='bbox 952 2486 1051 2560; x_wconf 89' lang='lat' dir='ltr'><strong>credi</strong></span> <span class='ocrx_word' id='word_1_103' title='bbox 1062 2486 1279 2582; x_wconf 88' lang='lat' dir='ltr'><strong>dignaretur,</strong></span> <span class='ocrx_word' id='word_1_104' title='bbox 1291 2510 1365 2558; x_wconf 93' lang='lat' dir='ltr'><strong>non</strong></span> 
     </span>
     <span class='ocr_line' id='line_1_16' title="bbox 305 2602 1367 2701; baseline -0.001 -27"><span class='ocrx_word' id='word_1_105' title='bbox 305 2602 541 2675; x_wconf 88' lang='lat' dir='ltr'><strong>recordamur</strong></span> <span class='ocrx_word' id='word_1_106' title='bbox 556 2627 682 2701; x_wconf 89' lang='lat' dir='ltr'><strong>pacem</strong></span> <span class='ocrx_word' id='word_1_107' title='bbox 695 2602 853 2701; x_wconf 84' lang='lat' dir='ltr'><strong>aliquam</strong></span> <span class='ocrx_word' id='word_1_108' title='bbox 865 2604 989 2700; x_wconf 84' lang='lat' dir='ltr'><strong>viginti</strong></span> <span class='ocrx_word' id='word_1_109' title='bbox 1006 2604 1108 2674; x_wconf 84' lang='lat' dir='ltr'><strong>annis</strong></span> <span class='ocrx_word' id='word_1_110' title='bbox 1122 2627 1206 2674; x_wconf 91' lang='lat' dir='ltr'><strong>cum</strong></span> <span class='ocrx_word' id='word_1_111' title='bbox 1215 2602 1367 2676; x_wconf 91' lang='lat' dir='ltr'><strong>domino</strong></span> 
     </span>
     <span class='ocr_line' id='line_1_17' title="bbox 306 2717 1366 2818; baseline 0 -27"><span class='ocrx_word' id='word_1_112' title='bbox 306 2742 388 2814; x_wconf 91' lang='lat' dir='ltr'><strong>rege</strong></span> <span class='ocrx_word' id='word_1_113' title='bbox 401 2722 622 2791; x_wconf 90' lang='lat' dir='ltr'><strong>Francorum</strong></span> <span class='ocrx_word' id='word_1_114' title='bbox 638 2744 722 2792; x_wconf 90' lang='lat' dir='ltr'><strong>eum</strong></span> <span class='ocrx_word' id='word_1_115' title='bbox 738 2719 873 2810; x_wconf 89' lang='lat' dir='ltr'><strong>fecisse,</strong></span> <span class='ocrx_word' id='word_1_116' title='bbox 891 2718 950 2791; x_wconf 92' lang='lat' dir='ltr'><strong>cui</strong></span> <span class='ocrx_word' id='word_1_117' title='bbox 968 2717 1120 2791; x_wconf 83' lang='lat' dir='ltr'><strong>fideliter</strong></span> <span class='ocrx_word' id='word_1_118' title='bbox 1133 2734 1170 2791; x_wconf 89' lang='lat' dir='ltr'><strong>et</strong></span> <span class='ocrx_word' id='word_1_119' title='bbox 1188 2719 1366 2818; x_wconf 83' lang='lat' dir='ltr'><strong>praecipue</strong></span> 
     </span>
     <span class='ocr_line' id='line_1_18' title="bbox 307 2832 1368 2934; baseline 0 -29"><span class='ocrx_word' id='word_1_120' title='bbox 307 2836 400 2905; x_wconf 93' lang='lat' dir='ltr'><strong>inter</strong></span> <span class='ocrx_word' id='word_1_121' title='bbox 412 2857 540 2906; x_wconf 92' lang='lat' dir='ltr'><strong>omnes</strong></span> <span class='ocrx_word' id='word_1_122' title='bbox 557 2859 706 2934; x_wconf 90' lang='lat' dir='ltr'><strong>operam</strong></span> <span class='ocrx_word' id='word_1_123' title='bbox 716 2835 839 2931; x_wconf 87' lang='lat' dir='ltr'><strong>jugem</strong></span> <span class='ocrx_word' id='word_1_124' title='bbox 857 2848 893 2906; x_wconf 90' lang='lat' dir='ltr'><strong>et</strong></span> <span class='ocrx_word' id='word_1_125' title='bbox 906 2832 1053 2907; x_wconf 88' lang='lat' dir='ltr'><strong>fidelem</strong></span> <span class='ocrx_word' id='word_1_126' title='bbox 1071 2858 1144 2906; x_wconf 90' lang='lat' dir='ltr'><strong>non</strong></span> <span class='ocrx_word' id='word_1_127' title='bbox 1157 2832 1368 2906; x_wconf 88' lang='lat' dir='ltr'><strong>adhibueri-</strong></span> 
     </span>
     <span class='ocr_line' id='line_1_19' title="bbox 306 2948 1362 3048; baseline 0.001 -27"><span class='ocrx_word' id='word_1_128' title='bbox 306 2974 401 3040; x_wconf 86' lang='lat' dir='ltr'><strong>mus,</strong></span> <span class='ocrx_word' id='word_1_129' title='bbox 426 2950 517 3023; x_wconf 89' lang='lat' dir='ltr'><strong>sicut</strong></span> <span class='ocrx_word' id='word_1_130' title='bbox 540 2950 599 3022; x_wconf 94' lang='lat' dir='ltr'><strong>ille</strong></span> <span class='ocrx_word' id='word_1_131' title='bbox 614 2950 677 3047; x_wconf 93' lang='lat' dir='ltr'><strong>qui</strong></span> <span class='ocrx_word' id='word_1_132' title='bbox 708 2950 754 3023; x_wconf 93' lang='lat' dir='ltr'><strong>ab</strong></span> <span class='ocrx_word' id='word_1_133' title='bbox 787 2964 941 3048; x_wconf 91' lang='lat' dir='ltr'><strong>utroque</strong></span> <span class='ocrx_word' id='word_1_134' title='bbox 964 2949 1113 3021; x_wconf 91' lang='lat' dir='ltr'><strong>domino</strong></span> <span class='ocrx_word' id='word_1_135' title='bbox 1137 2948 1362 3022; x_wconf 80' lang='lat' dir='ltr'><strong>credebatur.</strong></span> 
     </span>
     <span class='ocr_line' id='line_1_20' title="bbox 306 3063 1365 3164; baseline 0.003 -29"><span class='ocrx_word' id='word_1_136' title='bbox 306 3064 415 3152; x_wconf 86' lang='lat' dir='ltr'><strong>Quod</strong></span> <span class='ocrx_word' id='word_1_137' title='bbox 441 3074 476 3137; x_wconf 89' lang='lat' dir='ltr'><strong>et</strong></span> <span class='ocrx_word' id='word_1_138' title='bbox 502 3063 621 3136; x_wconf 91' lang='lat' dir='ltr'><strong>adhuc</strong></span> <span class='ocrx_word' id='word_1_139' title='bbox 645 3080 862 3164; x_wconf 88' lang='lat' dir='ltr'><strong>opportune,</strong></span> <span class='ocrx_word' id='word_1_140' title='bbox 892 3066 1101 3163; x_wconf 91' lang='lat' dir='ltr'><strong>importune</strong></span> <span class='ocrx_word' id='word_1_141' title='bbox 1122 3066 1246 3158; x_wconf 89' lang='lat' dir='ltr'><strong>etiam,</strong></span> <span class='ocrx_word' id='word_1_142' title='bbox 1274 3066 1365 3138; x_wconf 91' lang='lat' dir='ltr'><strong>sicut</strong></span> 
     </span>
     <span class='ocr_line' id='line_1_21' title="bbox 306 3179 1366 3281; baseline 0.002 -29"><span class='ocrx_word' id='word_1_143' title='bbox 306 3179 411 3253; x_wconf 91' lang='lat' dir='ltr'><strong>decet</strong></span> <span class='ocrx_word' id='word_1_144' title='bbox 422 3180 593 3254; x_wconf 89' lang='lat' dir='ltr'><strong>abbatem</strong></span> <span class='ocrx_word' id='word_1_145' title='bbox 606 3196 642 3253; x_wconf 92' lang='lat' dir='ltr'><strong>et</strong></span> <span class='ocrx_word' id='word_1_146' title='bbox 662 3183 897 3277; x_wconf 89' lang='lat' dir='ltr'><strong>sacerdotem,</strong></span> <span class='ocrx_word' id='word_1_147' title='bbox 918 3181 1221 3279; x_wconf 91' lang='lat' dir='ltr'><strong>quandocumque</strong></span> <span class='ocrx_word' id='word_1_148' title='bbox 1236 3181 1366 3281; x_wconf 89' lang='lat' dir='ltr'><strong>poteri·</strong></span> 
     </span>
     <span class='ocr_line' id='line_1_22' title="bbox 304 3297 860 3396; baseline 0.005 -28"><span class='ocrx_word' id='word_1_149' title='bbox 304 3322 402 3390; x_wconf 90' lang='lat' dir='ltr'><strong>mus,</strong></span> <span class='ocrx_word' id='word_1_150' title='bbox 420 3297 572 3371; x_wconf 87' lang='lat' dir='ltr'><strong>libenter</strong></span> <span class='ocrx_word' id='word_1_151' title='bbox 587 3322 860 3396; x_wconf 90' lang='lat' dir='ltr'><strong>prosequemur.</strong></span> 
     </span>
    </p>

    <p class='ocr_par' dir='ltr' id='par_1_4' title="bbox 309 3413 1370 4668">
     <span class='ocr_line' id='line_1_23' title="bbox 357 3413 1369 3513; baseline 0 -28"><span class='ocrx_word' id='word_1_152' title='bbox 357 3414 463 3487; x_wconf 91' lang='lat' dir='ltr'><strong>Unde</strong></span> <span class='ocrx_word' id='word_1_153' title='bbox 489 3415 611 3505; x_wconf 89' lang='lat' dir='ltr'><strong>etiam,</strong></span> <span class='ocrx_word' id='word_1_154' title='bbox 639 3439 815 3487; x_wconf 89' lang='lat' dir='ltr'><strong>memores</strong></span> <span class='ocrx_word' id='word_1_155' title='bbox 838 3415 1074 3513; x_wconf 90' lang='lat' dir='ltr'><strong>antiquorum</strong></span> <span class='ocrx_word' id='word_1_156' title='bbox 1109 3413 1250 3507; x_wconf 85' lang='lat' dir='ltr'><strong>gloriosi</strong></span> <span class='ocrx_word' id='word_1_157' title='bbox 1278 3414 1369 3510; x_wconf 83' lang='lat' dir='ltr'><strong>regis</strong></span> 
     </span>
     <span class='ocr_line' id='line_1_24' title="bbox 309 3525 1367 3621; baseline -0.004 -20"><span class='ocrx_word' id='word_1_158' title='bbox 309 3530 454 3603; x_wconf 87' lang='lat' dir='ltr'><strong>Henrici</strong></span> <span class='ocrx_word' id='word_1_159' title='bbox 484 3529 755 3621; x_wconf 86' lang='lat' dir='ltr'><strong>beneficiorum,</strong></span> <span class='ocrx_word' id='word_1_160' title='bbox 785 3529 965 3604; x_wconf 85' lang='lat' dir='ltr'><strong>nobilitati</strong></span> <span class='ocrx_word' id='word_1_161' title='bbox 993 3542 1117 3601; x_wconf 75' lang='lat' dir='ltr'><strong>vestra</strong></span> <span class='ocrx_word' id='word_1_162' title='bbox 1147 3525 1367 3600; x_wconf 91' lang='lat' dir='ltr'><strong>consulimus</strong></span> 
     </span>
     <span class='ocr_line' id='line_1_25' title="bbox 309 3642 1367 3745; baseline -0.006 -27"><span class='ocrx_word' id='word_1_163' title='bbox 309 3661 350 3718; x_wconf 89' lang='lat' dir='ltr'><strong>ut</strong></span> <span class='ocrx_word' id='word_1_164' title='bbox 374 3661 410 3717; x_wconf 90' lang='lat' dir='ltr'><strong>et</strong></span> <span class='ocrx_word' id='word_1_165' title='bbox 436 3671 503 3745; x_wconf 91' lang='lat' dir='ltr'><strong>per</strong></span> <span class='ocrx_word' id='word_1_166' title='bbox 523 3647 658 3719; x_wconf 89' lang='lat' dir='ltr'><strong>amicos</strong></span> <span class='ocrx_word' id='word_1_167' title='bbox 679 3661 716 3718; x_wconf 89' lang='lat' dir='ltr'><strong>et</strong></span> <span class='ocrx_word' id='word_1_168' title='bbox 739 3672 803 3744; x_wconf 90' lang='lat' dir='ltr'><strong>per</strong></span> <span class='ocrx_word' id='word_1_169' title='bbox 826 3646 1016 3719; x_wconf 81' lang='lat' dir='ltr'><strong>familiares</strong></span> <span class='ocrx_word' id='word_1_170' title='bbox 1039 3667 1201 3716; x_wconf 90' lang='lat' dir='ltr'><strong>amorem</strong></span> <span class='ocrx_word' id='word_1_171' title='bbox 1228 3642 1367 3714; x_wconf 86' lang='lat' dir='ltr'><strong>domini</strong></span> 
     </span>
     <span class='ocr_line' id='line_1_26' title="bbox 310 3756 1369 3861; baseline -0.004 -28"><span class='ocrx_word' id='word_1_172' title='bbox 310 3763 401 3857; x_wconf 88' lang='lat' dir='ltr'><strong>regis</strong></span> <span class='ocrx_word' id='word_1_173' title='bbox 417 3778 454 3836; x_wconf 92' lang='lat' dir='ltr'><strong>et</strong></span> <span class='ocrx_word' id='word_1_174' title='bbox 466 3787 604 3861; x_wconf 89' lang='lat' dir='ltr'><strong>pacem,</strong></span> <span class='ocrx_word' id='word_1_175' title='bbox 623 3762 713 3835; x_wconf 91' lang='lat' dir='ltr'><strong>dum</strong></span> <span class='ocrx_word' id='word_1_176' title='bbox 728 3761 846 3834; x_wconf 90' lang='lat' dir='ltr'><strong>adhuc</strong></span> <span class='ocrx_word' id='word_1_177' title='bbox 864 3759 1076 3833; x_wconf 87' lang='lat' dir='ltr'><strong>revocabilis</strong></span> <span class='ocrx_word' id='word_1_178' title='bbox 1093 3771 1158 3845; x_wconf 91' lang='lat' dir='ltr'><strong>est,</strong></span> <span class='ocrx_word' id='word_1_179' title='bbox 1180 3756 1270 3828; x_wconf 91' lang='lat' dir='ltr'><strong>dum</strong></span> <span class='ocrx_word' id='word_1_180' title='bbox 1287 3782 1369 3829; x_wconf 89' lang='lat' dir='ltr'><strong>nec-</strong></span> 
     </span>
     <span class='ocr_line' id='line_1_27' title="bbox 311 3872 1369 3966; baseline -0.007 -16"><span class='ocrx_word' id='word_1_181' title='bbox 311 3876 397 3950; x_wconf 90' lang='lat' dir='ltr'><strong>dum</strong></span> <span class='ocrx_word' id='word_1_182' title='bbox 414 3902 497 3950; x_wconf 93' lang='lat' dir='ltr'><strong>cum</strong></span> <span class='ocrx_word' id='word_1_183' title='bbox 511 3875 673 3950; x_wconf 90' lang='lat' dir='ltr'><strong>hostibus</strong></span> <span class='ocrx_word' id='word_1_184' title='bbox 690 3877 812 3949; x_wconf 87' lang='lat' dir='ltr'><strong>vestris</strong></span> <span class='ocrx_word' id='word_1_185' title='bbox 829 3875 946 3949; x_wconf 88' lang='lat' dir='ltr'><strong>foedus</strong></span> <span class='ocrx_word' id='word_1_186' title='bbox 963 3875 1059 3966; x_wconf 90' lang='lat' dir='ltr'><strong>iniit,</strong></span> <span class='ocrx_word' id='word_1_187' title='bbox 1078 3888 1220 3946; x_wconf 92' lang='lat' dir='ltr'><strong>strenue</strong></span> <span class='ocrx_word' id='word_1_188' title='bbox 1235 3886 1274 3944; x_wconf 87' lang='lat' dir='ltr'><strong>et</strong></span> <span class='ocrx_word' id='word_1_189' title='bbox 1290 3872 1369 3945; x_wconf 85' lang='lat' dir='ltr'><strong>dili·</strong></span> 
     </span>
     <span class='ocr_line' id='line_1_28' title="bbox 311 3988 1369 4091; baseline -0.006 -27"><span class='ocrx_word' id='word_1_190' title='bbox 311 4009 434 4087; x_wconf 91' lang='lat' dir='ltr'><strong>genter</strong></span> <span class='ocrx_word' id='word_1_191' title='bbox 461 4016 618 4091; x_wconf 82' lang='lat' dir='ltr'><strong>quaerere</strong></span> <span class='ocrx_word' id='word_1_192' title='bbox 648 3991 825 4065; x_wconf 89' lang='lat' dir='ltr'><strong>laboretis.</strong></span> <span class='ocrx_word' id='word_1_193' title='bbox 846 3992 883 4064; x_wconf 87' lang='lat' dir='ltr'><strong>si</strong></span> <span class='ocrx_word' id='word_1_194' title='bbox 899 3992 996 4063; x_wconf 90' lang='lat' dir='ltr'><strong>enirn</strong></span> <span class='ocrx_word' id='word_1_195' title='bbox 1013 4012 1162 4087; x_wconf 89' lang='lat' dir='ltr'><strong>regnum</strong></span> <span class='ocrx_word' id='word_1_196' title='bbox 1181 3988 1310 4084; x_wconf 81' lang='lat' dir='ltr'><strong>Angliae</strong></span> <span class='ocrx_word' id='word_1_197' title='bbox 1332 4002 1369 4059; x_wconf 90' lang='lat' dir='ltr'><strong>et</strong></span> 
     </span>
     <span class='ocr_line' id='line_1_29' title="bbox 310 4099 1368 4201; baseline -0.008 -26"><span class='ocrx_word' id='word_1_198' title='bbox 310 4127 476 4198; x_wconf 82' lang='lat' dir='ltr'><strong>gazarum</strong></span> <span class='ocrx_word' id='word_1_199' title='bbox 490 4105 719 4201; x_wconf 88' lang='lat' dir='ltr'><strong>antiquarum</strong></span> <span class='ocrx_word' id='word_1_200' title='bbox 733 4104 837 4201; x_wconf 87' lang='lat' dir='ltr'><strong>copia</strong></span> <span class='ocrx_word' id='word_1_201' title='bbox 853 4103 931 4200; x_wconf 89' lang='lat' dir='ltr'><strong>paci</strong></span> <span class='ocrx_word' id='word_1_202' title='bbox 951 4118 986 4173; x_wconf 92' lang='lat' dir='ltr'><strong>et</strong></span> <span class='ocrx_word' id='word_1_203' title='bbox 1004 4099 1229 4201; x_wconf 86' lang='lat' dir='ltr'><strong>prosperitati</strong></span> <span class='ocrx_word' id='word_1_204' title='bbox 1244 4111 1368 4170; x_wconf 78' lang='lat' dir='ltr'><strong>vestrae</strong></span> 
     </span>
     <span class='ocr_line' id='line_1_30' title="bbox 311 4214 1368 4316; baseline -0.006 -27"><span class='ocrx_word' id='word_1_205' title='bbox 311 4217 560 4316; x_wconf 73' lang='lat' dir='ltr'><strong>succederent,</strong></span> <span class='ocrx_word' id='word_1_206' title='bbox 593 4242 803 4315; x_wconf 91' lang='lat' dir='ltr'><strong>guerrarum</strong></span> <span class='ocrx_word' id='word_1_207' title='bbox 829 4218 1019 4314; x_wconf 89' lang='lat' dir='ltr'><strong>longarum</strong></span> <span class='ocrx_word' id='word_1_208' title='bbox 1047 4216 1208 4314; x_wconf 76' lang='lat' dir='ltr'><strong>expensis</strong></span> <span class='ocrx_word' id='word_1_209' title='bbox 1234 4214 1368 4285; x_wconf 89' lang='lat' dir='ltr'><strong>infruc-</strong></span> 
     </span>
     <span class='ocr_line' id='line_1_31' title="bbox 312 4329 1369 4432; baseline -0.006 -26"><span class='ocrx_word' id='word_1_210' title='bbox 312 4349 452 4406; x_wconf 91' lang='lat' dir='ltr'><strong>tuosam</strong></span> <span class='ocrx_word' id='word_1_211' title='bbox 477 4334 803 4432; x_wconf 91' lang='lat' dir='ltr'><strong>consumptionem,</strong></span> <span class='ocrx_word' id='word_1_212' title='bbox 835 4349 1020 4432; x_wconf 89' lang='lat' dir='ltr'><strong>raptorum</strong></span> <span class='ocrx_word' id='word_1_213' title='bbox 1047 4331 1255 4416; x_wconf 88' lang='lat' dir='ltr'><strong>satellitum,</strong></span> <span class='ocrx_word' id='word_1_214' title='bbox 1285 4329 1369 4401; x_wconf 89' lang='lat' dir='ltr'><strong>soli·</strong></span> 
     </span>
     <span class='ocr_line' id='line_1_32' title="bbox 313 4448 1370 4547; baseline 0.002 -28"><span class='ocrx_word' id='word_1_215' title='bbox 313 4448 498 4521; x_wconf 91' lang='lat' dir='ltr'><strong>dariorum</strong></span> <span class='ocrx_word' id='word_1_216' title='bbox 516 4449 760 4547; x_wconf 90' lang='lat' dir='ltr'><strong>profusionem</strong></span> <span class='ocrx_word' id='word_1_217' title='bbox 780 4450 999 4523; x_wconf 89' lang='lat' dir='ltr'><strong>infructuose</strong></span> <span class='ocrx_word' id='word_1_218' title='bbox 1017 4450 1215 4543; x_wconf 87' lang='lat' dir='ltr'><strong>attingeret.</strong></span> <span class='ocrx_word' id='word_1_219' title='bbox 1242 4449 1370 4526; x_wconf 85' lang='lat' dir='ltr'><strong>Pacem</strong></span> 
     </span>
     <span class='ocr_line' id='line_1_33' title="bbox 314 4563 1268 4668; baseline -0.003 -31"><span class='ocrx_word' id='word_1_220' title='bbox 314 4564 394 4638; x_wconf 82' lang='lat' dir='ltr'><strong>coeli</strong></span> <span class='ocrx_word' id='word_1_221' title='bbox 411 4580 448 4638; x_wconf 90' lang='lat' dir='ltr'><strong>et</strong></span> <span class='ocrx_word' id='word_1_222' title='bbox 465 4580 567 4638; x_wconf 86' lang='lat' dir='ltr'><strong>terrae</strong></span> <span class='ocrx_word' id='word_1_223' title='bbox 586 4565 687 4637; x_wconf 86' lang='lat' dir='ltr'><strong>vobis</strong></span> <span class='ocrx_word' id='word_1_224' title='bbox 702 4566 939 4668; x_wconf 89' lang='lat' dir='ltr'><strong>Omnipotens</strong></span> <span class='ocrx_word' id='word_1_225' title='bbox 957 4563 1073 4663; x_wconf 90' lang='lat' dir='ltr'><strong>largiri</strong></span> <span class='ocrx_word' id='word_1_226' title='bbox 1090 4563 1268 4664; x_wconf 83' lang='lat' dir='ltr'><strong>dignetur.</strong></span> 
     </span>
    </p>
   </div>
   <div class='ocr_carea' id='block_1_4' title="bbox 0 0 1884 5667">
    <p class='ocr_par' dir='ltr' id='par_1_5' title="bbox 0 0 1884 5667">
     <span class='ocr_line' id='line_1_34' title="bbox 0 0 1884 5667; baseline 0 0"><span class='ocrx_word' id='word_1_227' title='bbox 0 0 1884 5667; x_wconf 95' lang='lat' dir='ltr'><strong> </strong></span> 
     </span>
    </p>
   </div>
  </div>
 </body>
</html>
