3742 5667
480 807 519 866 ts
689 799 845 864 muvaus
865 773 1090 863 COMen'rrrs
1110 807 1161 863 nn
1180 805 1317 864 sunna.

482 937 666 1027 baererent,
684 937 851 1012 dominus
865 927 1082 1030 Ludovicus,
1097 962 1212 1011 unum
1227 961 1356 1010 eorum
1368 937 1539 1010 audacius

482 1054 615 1126 caeteris
630 1054 833 1151 indignatus
851 1053 1021 1151 repagula
1038 1055 1162 1147 exisse,
1188 1078 1323 1152 equum
1343 1053 1540 1128 calcaribus

483 1185 585 1266 urget
604 1197 613 1242 r
627 1185 663 1243 et
674 1186 714 1243 ut
726 1186 802 1244 erat
818 1171 873 1242 vir
885 1194 958 1268 prae
970 1171 1105 1243 caeteris
1120 1168 1301 1263 cordatus,
1321 1169 1479 1244 insiliens
1501 1171 1539 1242 in

481 1310 578 1375 eum,
602 1284 722 1358 lancea
750 1311 972 1384 percussum,
1004 1309 1072 1357 nec
1103 1311 1188 1358 eum
1216 1285 1346 1377 solum,
1380 1285 1444 1359 sed
1474 1309 1540 1384 per

482 1403 575 1472 eum¹
587 1402 699 1473 alium
712 1426 787 1474 uno
801 1401 873 1473 ictu
888 1402 1095 1501 prosternit,
1111 1416 1160 1491 et,
1172 1400 1273 1500 quod
1290 1425 1411 1496 regem
1429 1399 1539 1473 dede·

482 1531 592 1608 ceret,
609 1518 646 1589 in
663 1517 792 1590 eodem
807 1517 886 1588 rivo
905 1515 1091 1613 copiosum
1108 1514 1286 1615 usquead
1304 1515 1438 1612 galeam
1459 1515 1539 1588 bal·

481 1656 590 1706 neum
603 1634 805 1732 componit,
826 1657 1079 1731 ,successusque
1097 1657 1181 1705 snos
1197 1657 1326 1729 urgere
1342 1658 1417 1705 non
1440 1631 1543 1704 dille-

481 1772 575 1838 rens,
608 1772 680 1846 quo
710 1748 770 1822 ille
795 1763 896 1822 arcto
925 1749 1059 1822 exierat
1088 1736 1155 1821 iste
1181 1749 1339 1839 immitit,
1367 1764 1405 1820 et
1430 1748 1542 1846 pugili

481 1867 729 1960 congressione
739 1866 860 1940 hostes
872 1865 1014 1961 abigere
1028 1891 1101 1938 non
1121 1865 1271 1939 desistit.
1291 1863 1397 1953 Quod
1413 1865 1541 1938 Franci

481 1981 654 2073 videntes,
674 1983 885 2058 mirabiliter
905 1983 1067 2076 animati,
1091 1981 1259 2081 repagula
1281 1995 1467 2079 rumpunt,
1489 1981 1542 2051 ri·

481 2121 569 2168 vum
581 2097 785 2171 transiliunt
806 2125 814 2168 :
829 2097 1024 2194 hostesque
1035 2097 1147 2170 multa
1161 2096 1258 2170 caede
1272 2110 1539 2195 persequentes,

483 2211 529 2283 ad
545 2228 701 2284 castrum
718 2229 983 2311 usquecoactos
993 2213 1183 2312 repellunt.
1199 2216 1305 2283 Fama
1315 2213 1426 2305 volat,
1440 2211 1542 2310 oppi-

482 2325 596 2399 danos
622 2341 807 2426 totamque
831 2329 999 2401 viciniam
1027 2327 1206 2426 percellit,
1239 2326 1340 2424 quod
1372 2326 1542 2400 dominus

481 2443 683 2516 Ludovicus
699 2459 737 2517 et
747 2445 814 2537 sui,
829 2458 868 2516 ut
882 2444 1067 2516 fortissimi
1079 2443 1223 2535 milites,
1241 2441 1358 2516 donec
1377 2440 1542 2515 funditus

481 2557 695 2630 subverterit
710 2573 879 2653 castrum,
901 2574 936 2631 et
955 2558 1152 2632 nobiliores
1175 2559 1282 2630 castri
1300 2573 1361 2631 aut
1379 2557 1541 2656 patibulo

481 2672 601 2770 alligat
628 2688 690 2746 aut
721 2673 845 2746 oculos
876 2688 993 2767 eruat,
1026 2673 1192 2746 recedere
1223 2673 1447 2770 dedignetur.
1475 2678 1543 2745 Ea·

481 2803 628 2887 propter
640 2790 802 2862 consulte
819 2791 933 2888 agitur
946 2805 987 2863 ut
1002 2805 1038 2862 et
1055 2789 1226 2862 dominus
1241 2789 1347 2862 castri
1359 2815 1397 2862 se
1407 2788 1542 2862 dedere

481 2905 583 3000 regiae
598 2906 772 3002 majestati
781 2932 854 2978 non
871 2906 1026 2996 differat,
1036 2922 1265 3004 castrumque
1276 2921 1311 2979 et
1321 2921 1454 2978 terram
1463 2905 1541 3003 ejus

482 3019 607 3092 ditioni
636 3021 810 3116 subjiciat.
837 3022 987 3096 Rediens
1004 3023 1124 3119 itaque
1142 3022 1311 3095 dominus
1334 3022 1541 3095 Ludovicus

479 3134 637 3235 praedam
655 3137 845 3210 dominum
860 3138 967 3210 castri
986 3138 1078 3231 lecit,
1093 3153 1129 3211 et
1144 3137 1263 3210 subito
1277 3138 1477 3237 triumpho,
1495 3162 1541 3210 eo

479 3253 633 3350 Stampis
648 3253 787 3343 relicto,
805 3253 957 3326 Parisius
972 3253 1068 3326 felici
1084 3278 1248 3327 successu
1258 3254 1444 3325 remeavit.

528 3371 605 3441 XII.
633 3370 808 3467 Deinceps
823 3370 858 3441 in
880 3368 977 3441 diem
999 3369 1210 3469 proliciente
1225 3368 1313 3460 filio,
1331 3382 1434 3467 pater
1462 3367 1541 3466 ejus

481 3503 543 3552 rex
573 3481 757 3581 Philippus
783 3484 820 3555 in
841 3483 938 3556 diem
962 3483 1164 3557 deficiebat.
1189 3489 1312 3580 Neque
1337 3484 1433 3556 enim
1457 3497 1541 3582 post

481 3595 734 3694 superductam
770 3597 1058 3694 Andegavensem
1090 3599 1307 3671 comitissam
1340 3597 1541 3695 quidquam

479 3713 574 3806 regia
601 3714 785 3810 majestate
808 3713 959 3810 dignum
982 3713 1130 3810 agebat;
1155 3714 1232 3806 sed,
1251 3729 1361 3812 raptae
1378 3715 1540 3811 conjugis

478 3843 600 3926 raptus
614 3831 913 3929 concupiscentia,
939 3831 1113 3927 voluptati
1138 3855 1209 3901 suae
1234 3829 1431 3902 satisfacere
1451 3855 1540 3929 ope·

479 3964 558 4014 ram
574 3943 694 4017 dabat.
716 3944 818 4017 Unde
832 3969 899 4018 nec
913 3945 1116 4042 reipublice
1128 3944 1354 4043 providebat,
1369 3969 1437 4017 nec
1453 3968 1539 4043 pro·

479 4060 551 4130 ceri
564 4076 600 4132 et
614 4061 782 4157 elegantis
802 4062 965 4160 corporis
992 4062 1131 4134 sanitati
1148 4061 1229 4160 plus
1243 4086 1345 4159 aequo
1370 4061 1539 4134 remissus

478 4175 661 4272 parcebat.
679 4181 756 4250 Hoc
772 4202 886 4250 unum
898 4193 1084 4278 supererat
1099 4177 1214 4276 quod,
1229 4180 1357 4251 timore
1369 4194 1406 4250 et
1415 4203 1540 4250 amore

480 4293 690 4365 successoris
718 4293 794 4387 filii,
817 4294 918 4390 regni
949 4308 1061 4368 status
1090 4293 1243 4391 vigebat.
1273 4297 1436 4391 Cumque
1465 4294 1540 4366 sere

521 4536 553 4594 l.
566 4534 674 4592 Praeter
685 4551 748 4590 eum
761 4533 828 4593 edd·
845 4535 945 4596 Germ.
961 4547 991 4593 et
1004 4535 1108 4596 Cltoen.
