3742 5667
448 778 497 835 nn
517 776 567 834 na
587 762 869 837 consecrantur
891 778 940 837 nn
960 777 1205 843 suur-nnms.
1301 784 1357 843 att

300 907 490 985 tolerabilis
513 924 591 982 erat
613 910 786 1006 angustia,
805 923 846 983 ut
868 910 906 982 in
929 911 1185 986 commixtione
1199 914 1361 988 virorum

302 1028 445 1102 sortium
469 1026 563 1100 sicut
576 1027 681 1124 prelo
697 1026 883 1124 depressae,
908 1027 1009 1125 quasi
1032 1028 1222 1124 imaginata
1242 1048 1361 1105 morte

301 1167 509 1239 exsanguem
520 1141 650 1215 faciem
661 1143 874 1242 exprimere,
889 1167 992 1217 more
1002 1145 1278 1243 parturientium
1294 1161 1363 1220 ter·

300 1259 445 1332 tibiliter
458 1258 700 1349 conclamare,
713 1258 837 1357 plnres
845 1282 971 1332 earum
983 1260 1229 1334 miserabiliter
1240 1261 1360 1334 decal-

301 1391 403 1465 catas,
428 1375 492 1473 pio
511 1376 676 1447 virorum
698 1374 870 1471 suffragio
896 1400 1005 1475 super
1029 1376 1145 1475 capita
1169 1375 1362 1449 hominum

300 1490 478 1581 exaltatas,
508 1506 680 1589 tanquam
703 1491 909 1589 pavimento
932 1491 1156 1565 adherentes
1178 1492 1359 1585 incedere,

299 1606 545 1680 multasetiam
556 1622 718 1680 extremo
727 1608 958 1704 singultantes
973 1609 1106 1708 spiritu
1121 1609 1158 1681 in
1174 1622 1279 1707 prato
1291 1609 1366 1687 tm<

299 1736 407 1815 num,
424 1724 565 1796 cunctis
581 1722 866 1824 desperantibus,
884 1723 1080 1797 anhelare¹.
1100 1729 1239 1796 Fratres
1255 1725 1362 1797 etiam

300 1840 445 1935 insignia
469 1840 667 1913 Dominioee
686 1840 862 1940 passionis
885 1839 1162 1913 adventantibus
1179 1863 1361 1938 exponen-

299 1970 361 2043 tes,
384 1980 514 2028 eorum
529 1957 682 2053 angariis
707 1970 743 2028 et
762 1955 1058 2028 contentionibus
1073 1955 1361 2046 succumbentes,

298 2070 397 2143 nullo
413 2072 592 2146 divertere
605 2072 792 2164 habentes,
811 2097 876 2170 per
896 2072 1066 2144 fenestras
1091 2097 1178 2146 cum
1201 2072 1363 2171 reliquiis

298 2188 482 2261 multoties
501 2188 717 2287 ell'ugerunt.
742 2186 851 2276 Quod
867 2212 954 2260 cum
973 2186 1145 2260 scholaris
1165 2210 1256 2288 puer
1271 2188 1364 2260 inter

298 2302 424 2376 iratres
448 2304 612 2377 erudirer
636 2303 847 2394 audiebam,
873 2318 974 2375 entra
987 2304 1000 2340 ²
1015 2303 1154 2399 juvenis
1169 2302 1361 2392 dolebam,

298 2434 459 2493 maturus
486 2422 618 2516 corrigi
646 2420 841 2493 affectuose
872 2418 1100 2519 appetebam.
1131 2421 1221 2490 Cum
1244 2434 1362 2490 autem

295 2534 436 2633 placuit
444 2536 513 2628 illi,
533 2539 597 2636 qui
611 2562 668 2609 me
682 2537 878 2635 segregavit
893 2560 941 2607 en
955 2551 1054 2608 utero
1072 2536 1201 2607 matres
1216 2560 1314 2628 nseoe,
1329 2550 1366 2606 et

298 2655 432 2724 vocavit
445 2677 515 2751 pet·
532 2656 689 2753 grauium
708 2676 813 2723 suam
829 2653 854 2741 ⁸,
871 2650 1011 2723 meritis
1033 2652 1143 2723 etiam
1158 2674 1364 2749 repugnan-

301 2768 410 2860 tibus,
426 2769 642 2867 parvitatem
657 2792 777 2840 meam
799 2767 907 2863 hujus
929 2782 1059 2839 sancta
1084 2766 1237 2839 ecclesiae
1258 2779 1364 2837 tante

299 2884 482 2983 preficere
496 2883 817 2975 administrationi,
836 2881 912 2955 sola
926 2883 990 2957 Dei
1005 2882 1262 2981 omnipotentis
1276 2881 1366 2954 inel-

300 3000 401 3073 labili
412 2999 674 3094 misericordia,
685 2998 835 3100 praefatae
843 2996 1015 3070 molestiae
1028 2998 1254 3087 correctioni,
1268 3022 1366 3069 sanc·

301 3132 422 3189 torum
453 3119 654 3214 Martyrum
685 3113 922 3187 dominorum
954 3128 1164 3187 nostrorum
1196 3113 1366 3209 suffragio

301 3248 438 3331 raptus,
456 3232 503 3304 ad
519 3229 846 3328 augmentationem
867 3228 1005 3327 praefati
1031 3229 1104 3302 loci
1127 3243 1204 3302 toto
1228 3230 1363 3322 animo,

302 3361 376 3419 tota
402 3348 535 3419 mentis
550 3346 743 3418 allectione
757 3344 956 3417 accelerare
982 3344 1238 3443 proposuimus
1265 3372 1274 3416 t
1302 3345 1366 3443 qui

301 3486 503 3560 nunquam,
529 3463 559 3534 si
582 3475 693 3552 tanta,
720 3475 795 3532 tam
817 3458 1027 3549 necessaria,
1042 3473 1117 3531 tam
1132 3459 1228 3531 utilis
1243 3474 1280 3531 et
1297 3457 1366 3531 ho·

302 3592 403 3649 nesta
424 3602 501 3650 non
526 3577 679 3674 exigeret
697 3574 965 3676 opportunitas,
990 3598 1140 3647 manum
1161 3598 1366 3674 supponere

302 3692 358 3765 vel
374 3694 530 3789 cogitare
545 3714 851 3791 presumeremus.

350 3811 445 3897 Quia
453 3809 560 3905 igitur
573 3808 788 3879 inanteriori
798 3820 913 3905 parte,
924 3804 1161 3902 abaquilone,
1173 3802 1364 3903 principali

303 3926 461 4022 ingressu
477 3922 941 4024 principaliumvalvarum,
959 3920 1120 4020 porticus
1139 3934 1239 3993 artus
1253 3919 1362 3993 ⁸hino

346 4233 376 4287 l.
392 4226 435 4287 Cf.
457 4226 568 4307 Sngerii
588 4225 696 4287 librum
718 4232 762 4286 De
781 4226 864 4287 rebus
884 4232 915 4285 in
933 4225 1251 4284 administraremus
1264 4221 1360 4304 gestis,

306 4324 404 4402 snprd,
419 4342 451 4401 p.
475 4324 547 4381 tas.
904 4392 906 4395 Ι

346 4418 377 4478 2.
391 4416 478 4475 Forte
488 4422 633 4475 exacutus
648 4414 837 4496 (Benedict.).
876 4440 878 4445 ’

347 4512 377 4577 3.
392 4508 474 4577 Pauli
492 4522 586 4597 apost.
602 4510 640 4573 ad
654 4510 782 4584 Galatas,
797 4512 885 4586 t,15.
906 4540 948 4557 -
960 4509 992 4571 l.
1011 4508 1185 4569 Panaretus.
