3742 5667
465 742 522 800 aaa
682 740 845 798 (numus
864 721 1077 799 conamus
1097 739 1147 796 nn
1165 739 1300 798 suana.

463 895 608 946 currere
628 897 742 972 pauca
767 871 814 945 de
838 871 973 964 multis,
1006 872 1065 944 vix
1090 871 1207 970 aliqua
1234 871 1279 943 de
1309 871 1520 963 innumeris,

463 990 625 1087 quamvis
640 989 763 1061 omnia
777 988 905 1060 melius
921 989 999 1087 ipse
1014 988 1170 1078 noveris,
1184 1002 1221 1061 et
1235 1011 1257 1058 a
1272 1003 1308 1060 te
1323 989 1443 1087 potius
1457 989 1522 1061 ista

463 1105 571 1178 scribi
588 1106 800 1204 oportuerit.
821 1103 892 1176 Sed
907 1105 992 1202 quia
1008 1105 1059 1177 ita
1074 1104 1142 1194 vis,
1166 1103 1251 1200 quia
1272 1103 1446 1204 precipis,
1468 1103 1520 1176 sa·

462 1221 556 1294 ciam
571 1237 613 1294 ut
629 1236 769 1320 potero,
783 1221 867 1319 quia
882 1218 949 1292 tibi
968 1218 1057 1292 nihil
1073 1217 1276 1316 negandum
1292 1220 1442 1292 aestimo.

872 1583 969 1632 mnu
986 1583 1128 1632 ramus·

421 1932 427 1940 ·
513 1835 661 1908 Videtur
675 1836 796 1932 itaque
808 1834 863 1906 vir
873 1834 939 1906 iste
955 1833 1001 1906 ad
1016 1835 1088 1907 hoc
1103 1835 1273 1908 divinitus
1288 1835 1460 1925 directus,
1481 1849 1521 1906 ut

462 1977 537 2026 non
561 1976 677 2024 unum
700 1965 842 2022 tantum
872 1951 931 2022 cui
961 1966 1112 2050 praeerat
1140 1949 1275 2043 locum,
1306 1951 1369 2023 sed
1401 1965 1521 2023 totum

462 2073 682 2140 Francorum
701 2065 896 2139 illustraret
917 2067 1127 2166 imperium3
1151 2065 1198 2140 ad
1219 2067 1291 2139 hoc
1315 2081 1516 2165 promotus,

462 2209 537 2256 non
553 2198 596 2256 ut
609 2206 725 2255 unum
740 2181 1003 2253 monachorum
1026 2206 1149 2278 genus,
1173 2180 1237 2255 sed
1252 2182 1441 2253 universos
1455 2185 1521 2252 Ec-

461 2297 573 2371 ciesiae
594 2298 739 2370 ordines
757 2297 980 2392 singulariter
1004 2297 1080 2396 ipsc
1101 2297 1329 2395 proveheret.
1355 2295 1449 2368 Illud
1473 2297 1518 2368 si·

458 2413 605 2511 quidem
621 2414 667 2485 de
681 2415 753 2485 hoc
767 2414 846 2484 viro
869 2412 992 2483 mirari
1013 2411 1114 2502 libet,
1138 2413 1239 2510 quod
1263 2413 1299 2484 in
1322 2427 1396 2484 tam
1417 2411 1517 2484 brevi

459 2529 674 2628 corpusculo
697 2527 804 2601 talem
832 2543 958 2600 natura
982 2526 1211 2600 collocaverit
1237 2529 1420 2617 animum,
1444 2542 1517 2599 tam

459 2631 671 2735 formosum,
688 2660 763 2717 tam
777 2668 946 2740 magnum
960 2644 1048 2715 :nisi
1063 2643 1163 2741 quod
1173 2639 1333 2742 tiquid0¹
1349 2643 1520 2742 perhunc

459 2762 649 2835 ostendere
674 2761 788 2834 voluit
810 2784 915 2860 posse
936 2759 1003 2832 sub
1019 2758 1181 2857 qualibet
1196 2774 1277 2832 cute
1292 2760 1454 2831 animum
1469 2757 1519 2830 la-

458 2892 533 2950 tere
558 2877 872 2969 formosissimum,
893 2891 929 2947 ct
952 2875 1079 2972 quovis
1097 2876 1180 2947 loco
1204 2876 1304 2947 nasci
1327 2875 1515 2966 virtutem;

458 3008 495 3065 et
513 3008 555 3066 ut
575 2995 747 3065 sciremus
768 2991 943 3064 brevitate
958 2991 1121 3090 corporis
1136 2991 1298 3062 animum
1321 3015 1397 3062 non
1423 2991 1520 3063 infir-

457 3108 559 3196 mari,
584 3107 648 3180 sed
670 3107 781 3180 animi
804 3107 940 3178 viribus
968 3129 1097 3204 corpus
1127 3107 1260 3176 ornari.
1282 3109 1415 3176 Verum
1434 3106 1516 3202 quia

456 3224 580 3295 salsam
590 3224 636 3296 de
651 3221 713 3296 itlo
727 3224 935 3322 opinionem
947 3222 984 3293 in
999 3220 1244 3318 quorumdam
1252 3221 1424 3294 cordibus
1435 3247 1519 3295 con·

457 3338 607 3410 valuisse
624 3339 712 3428 scio,
728 3337 820 3410 illud
831 3336 1033 3426 sciendum,
1051 3337 1237 3409 absentem
1253 3336 1351 3409 hunc
1360 3351 1396 3408 et
1412 3336 1519 3430 longe

455 3453 614 3552 positum
628 3457 640 3491 ¹
654 3454 701 3526 ad
719 3453 877 3549 regimen
896 3467 1063 3524 vocaturn
1089 3452 1209 3543 suissc,
1239 3450 1289 3524 nil
1312 3451 1383 3524 tale
1406 3454 1519 3551 suspi-

456 3583 612 3660 cantem,
628 3568 692 3641 sed
708 3584 746 3642 et
760 3569 945 3642 accessisse
959 3567 1125 3642 invitum.
1143 3573 1216 3641 Nec
1231 3567 1283 3640 illi
1296 3569 1403 3642 reniti
1418 3567 1518 3642 licuit

455 3698 517 3755 aut
527 3683 680 3757 obscure
694 3687 806 3758 vitam
821 3684 1028 3780 transigere,
1046 3709 1090 3757 eo
1103 3683 1201 3783 quod
1219 3685 1256 3757 in
1273 3685 1431 3758 medium
1442 3686 1518 3782 jam

454 3799 556 3872 illum
573 3798 780 3900 protulisset
796 3801 927 3897 ingenii
945 3801 1049 3897 vigor
1064 3817 1099 3874 et
1111 3801 1278 3895 eruditio,
1298 3801 1357 3874 vel
1373 3827 1519 3898 magno·

458 3939 542 3987 rum
557 3917 717 3989 virorum
726 3915 867 3989 nobiles
882 3917 1057 4009 amicitiae,
1080 3918 1193 3989 immo
1206 3917 1305 4014 quod
1321 3943 1428 4018 supra
1443 3918 1518 3990 haec

494 4194 524 4249 t.
537 4195 660 4268 liquide
671 4193 738 4251 edd.

494 4287 525 4343 2.
541 4288 652 4365 Nempe
664 4287 696 4344 in
715 4284 799 4345 ltalia
810 4298 871 4345 tum
886 4299 1060 4346 versantem.
1076 4290 1120 4346 De
1133 4285 1188 4345 hac
1202 4285 1352 4360 electione,
1365 4287 1403 4347 cf.
1420 4291 1516 4348 Vitam

452 4379 588 4437 ludovica·
603 4383 710 4448 Groui,
728 4381 828 4460 supra,
840 4400 871 4459 p.
886 4383 944 4440 109
964 4392 992 4438 et
1010 4399 1085 4458 seq.,
1105 4381 1369 4459 documentumque
1387 4382 1404 4441 ὸ
1423 4395 1514 4442 veter.

453 4469 555 4532 chron.
574 4473 671 4532 Sancti
689 4472 822 4549 Dionysii
833 4485 1005 4553 extractum,
1020 4473 1106 4546 intra,
1120 4495 1151 4555 p.
1167 4478 1236 4535 tta.
