3742 5667
459 801 516 859 394
677 799 840 858 OEUVRES
860 798 1073 856 COMPLETES
1090 797 1141 855 DE
1161 797 1293 855 soona.

458 931 817 1004 amministrationem
846 943 883 1002 et
902 953 1029 1000 curam
1053 928 1231 1028 suscipere
1246 927 1514 1027 compulerunt.

457 1051 576 1136 Quam
607 1046 665 1119 ille
689 1044 910 1142 dignitatem,
933 1043 1019 1142 quia
1043 1067 1136 1116 onus
1156 1068 1233 1116 esse
1259 1045 1517 1142 potiusquam

457 1164 634 1236 honorem
645 1158 843 1258 judicabat,
860 1174 1037 1257 qnantum
1053 1159 1104 1231 sas
1129 1159 1210 1250 fuit,
1227 1159 1425 1250 recusavit,
1446 1183 1517 1232 nec

458 1278 505 1352 ad
521 1277 785 1376 suscipiendum
797 1275 949 1349 omnino
957 1276 1151 1363 consensit,
1165 1274 1282 1347 donec
1296 1275 1343 1346 ab
1354 1275 1515 1371 Eugenio

458 1417 563 1492 papa,
574 1392 636 1490 qui
649 1390 864 1489 profectioni
880 1389 987 1484 regie
994 1389 1339 1489 praesensaifuit,cui
1352 1391 1517 1462 resistere

458 1505 586 1579 necias
599 1505 667 1578 fuit
681 1529 748 1578 nec
767 1503 950 1602 possibile,
969 1505 1119 1577 tandem
1135 1519 1279 1578 coactus
1296 1520 1361 1578 est.
1381 1510 1516 1577 Verum

458 1645 567 1695 nemo
582 1621 731 1693 aestimet
746 1621 856 1718 ipsius
871 1617 1056 1692 voluntate
1072 1619 1130 1692 rel
1147 1618 1299 1692 consilio
1309 1643 1431 1716 regem
1446 1620 1517 1694 iter

457 1735 752 1836 peregrinationis
765 1758 981 1830 aggressum,
993 1735 1032 1806 in
1045 1759 1134 1833 quo,
1146 1733 1229 1808 licet
1241 1734 1291 1807 illi
1300 1734 1406 1831 longe
1414 1736 1518 1809 aliter

457 1876 567 1949 quam
578 1849 745 1949 sperabat
757 1849 975 1940 successerit,
991 1849 1052 1948 pio
1065 1863 1185 1922 tamen
1197 1848 1375 1922 desiderio
1391 1875 1435 1923 ac
1448 1852 1517 1922 Dei

457 1966 534 2040 zelo
549 1964 638 2038 illud
656 1964 816 2064 arripuit.
830 1969 943 2036 Porro
956 1965 1129 2063 providus
1143 1965 1204 2038 hio
1218 1980 1254 2039 et
1278 1967 1443 2064 praescius
1461 1966 1516 2039 iu·

457 2099 623 2156 turorum
644 2106 712 2155 nec
736 2079 827 2153 illud
854 2081 1009 2181 principi
1038 2082 1222 2177 suggessit,
1248 2106 1318 2155 nec
1348 2083 1515 2155 auditum

456 2196 682 2297 approbavit.
699 2197 795 2284 Quin
809 2197 942 2294 potius,
959 2219 1044 2268 cum
1062 2197 1157 2269 inter
1170 2197 1247 2294 ipsa
1262 2199 1384 2269 statim
1401 2199 1514 2290 initia,

456 2310 601 2384 obviare
617 2310 748 2384 frustra
767 2325 928 2400 conatus,
951 2309 1089 2405 regium
1114 2310 1286 2384 cohibere
1308 2337 1383 2384 uon
1395 2330 1517 2411 posset

457 2428 647 2525 impetum,
656 2426 812 2524 tempori
823 2423 1025 2497 cedendum
1038 2424 1269 2522 adjudicavit,
1282 2452 1329 2498 ne
1341 2428 1398 2500 vel
1412 2429 1517 2524 regiae

456 2540 639 2614 devotioni
658 2539 788 2613 inserre
814 2538 998 2613 videretur
1018 2541 1201 2637 injuriam,
1214 2542 1271 2616 vel
1296 2541 1514 2616 sauctorum¹

457 2655 632 2728 offensam
649 2653 820 2728 inutiliter
833 2655 1042 2727 incurreret.

506 2773 598 2867 Rege
611 2770 719 2866 igitur
734 2792 881 2868 peregre
893 2770 968 2867 jam
985 2771 1160 2870 proiecto,
1181 2798 1267 2847 cum
1286 2773 1342 2845 vir
1357 2775 1517 2870 egregius

458 2909 581 2958 rerum
612 2883 775 2956 dominio
807 2884 996 2982 potiretur,
1026 2903 1200 2985 oeperunt
1225 2887 1417 2961 latrunculi
1450 2915 1517 2988 per

447 3024 607 3096 ‚regnum
625 3000 757 3097 passim
775 3023 976 3097 erumpere,
1002 3015 1039 3072 et
1060 3017 1250 3101 conceptas
1265 3003 1329 3077 diu
1345 3004 1516 3078 sactiones

458 3111 618 3210 prolerre
643 3111 680 3181 in
702 3109 913 3208 publicum
939 3135 982 3182 ex
1007 3112 1178 3211 principis
1194 3115 1329 3189 scilicet
1351 3117 1515 3190 absentia

457 3227 565 3319 nacti,
580 3241 622 3297 ut
639 3223 709 3296 sibi
727 3224 927 3316 videbatur,
948 3226 1113 3299 saeviendi
1130 3228 1321 3303 licentiam.
1340 3231 1515 3329 Equibus

457 3341 516 3414 alii
525 3340 671 3439 quidem
685 3339 915 3412 ecclesiarum
930 3356 968 3414 et
979 3366 1180 3442 pauperum
1197 3343 1382 3419 facultates
1393 3364 1515 3447 aperta

459 3455 677 3556 diripiebant
691 3455 872 3550 violentia,
892 3456 953 3528 alii
974 3481 1062 3530 vero
1087 3459 1175 3532 locis
1189 3461 1446 3536 occultioribus
1464 3463 1515 3537 la-

458 3571 610 3645 trocinia
631 3570 855 3644 exercebant.
874 3574 913 3643 ln
931 3597 1088 3670 quorum
1110 3573 1285 3648 ultionem
1303 3576 1375 3648 dux
1399 3601 1515 3652 novus

458 3689 600 3785 gemino
617 3687 737 3759 statim
752 3689 931 3760 accinctus
949 3703 1001 3760 est
1017 3688 1149 3784 gladio,
1165 3691 1279 3765 altero
1291 3695 1464 3767 materiali
1479 3710 1516 3768 et

459 3804 570 3898 regio,
585 3803 697 3874 altero
716 3799 888 3900 spirituali
902 3815 939 3874 et
954 3803 1207 3897 ecclesiastico,
1223 3823 1377 3906 utroque
1392 3825 1512 3883 autem

459 3943 480 3990 u
496 3940 637 3992 summo
656 3915 725 3988 sibi
745 3915 916 3989 Pontifice
936 3916 1107 3990 divinitus
1125 3922 1330 3998 commisso.
1349 3927 1392 3996 In
1412 3925 1514 3997 brevi

459 4035 579 4130 itaque
610 4033 760 4103 istorum
789 4054 895 4103 ausus
926 4035 1135 4107 temerarios
1160 4039 1382 4135 compressit,
1407 4055 1514 4138 atque

460 4147 603 4221 illorum
612 4145 891 4219 machinationes
900 4170 1012 4220 manu
1023 4149 1139 4223 valida
1149 4151 1509 4251 redegitinnibilum.

501 4425 530 4481 t.
545 4419 591 4480 Sic
604 4421 670 4481 cod.
687 4427 942 4482 rna-Fautorem
956 4423 1024 4499 edd.
1038 4426 1164 4504 Chesnii,
1179 4427 1297 4492 baronis
1314 4431 1353 4492 de
1366 4431 1473 4494 Aitolio
1484 4445 1515 4493 et

460 4511 610 4575 relibieni.
623 4547 664 4564 -
677 4521 857 4593 rutumrum,
870 4518 939 4600 apte
956 4518 1062 4594 minus,
1075 4522 1124 4588 ed.
1135 4524 1284 4588 Benedict.
