3742 5667
751 691 813 751 vltt
829 692 879 748 DE
899 693 1035 752 SUGER.
1357 697 1418 756 383

332 813 449 891 linito
466 823 674 922 colloquio,
688 821 867 895 volentem
881 822 984 896 illum
1001 847 1120 920 regem
1134 823 1324 918 deducere,
1341 853 1414 902 non

331 945 390 1002 est
408 958 551 1031 passus
563 940 644 1012 loco
657 938 810 1028 moveri,
825 938 882 1010 vel
896 938 981 1010 sella
995 964 1220 1036 consurgere.
1235 945 1317 1013 Haec
1332 942 1415 1016 ideo

333 1045 526 1143 dixerim,
545 1071 583 1128 ut
607 1057 721 1128 sciant
747 1053 881 1144 aemuli,
902 1053 1049 1125 audiant
1071 1055 1329 1130 obtrectatores
1351 1084 1415 1131 cu·

329 1162 396 1259 jus
410 1170 524 1266 apud
538 1195 637 1266 reges
651 1170 734 1260 loci,
746 1183 886 1266 quantae
896 1171 1103 1242 reverentiae
1117 1170 1214 1268 apud
1226 1172 1416 1269 optimates

332 1281 523 1358 extiterit.
1175 1296 1177 1300 ’

390 1399 957 1496 Hunccultorreligioniscomes
970 1400 1416 1478 Blesensiumeeobaldus
1470 1438 1474 1450 ¹

337 1514 473 1588 modis
500 1515 669 1590 omnibus
694 1516 913 1604 lionorabat3
940 1517 1036 1588 bunc
1061 1516 1157 1616 apud
1183 1543 1281 1614 reges
1303 1525 1416 1593 Fran-

336 1652 484 1702 corum
509 1632 724 1705 advocatum
739 1629 963 1729 producebat
988 1631 1147 1705 unicum.
1167 1635 1340 1721 Quotiens
1364 1634 1415 1739 illi

340 1743 629 1840 dudegavorum
646 1769 767 1818 comes
790 1760 827 1818 et
850 1750 1141 1819 Normannorum
1165 1747 1238 1820 dux
1262 1749 1414 1822 Gaulre·

338 1859 430 1950 dus,
450 1879 541 1935 voto
556 1862 771 1935 blandientis
781 1863 916 1960 pariter
933 1879 970 1936 et
985 1864 1154 1959 rogantis,
1173 1863 1301 1938 direxit
1318 1892 1412 1939 nun·

339 1974 448 2048 cios?
464 1982 638 2066 Quotiens
652 1977 704 2051 illi
721 2003 829 2050 rnanu
843 1979 989 2078 propria
1000 1978 1154 2051 humiles
1170 1981 1310 2079 scripsit
1324 1981 1414 2055 litte·

339 2115 420 2180 ras,
438 2092 638 2192 inquibus,
658 2119 743 2166 cum
757 2107 846 2166 esset
862 2117 943 2166 acer
956 2093 1110 2188 ingenio,
1126 2095 1248 2167 animo
1262 2096 1357 2169 ferus
1370 2122 1413 2169 ac

339 2223 567 2306 prepotens,
587 2209 713 2308 saepius
729 2210 829 2282 illuni
846 2234 911 2281 suo
926 2208 1066 2282 nomini
1079 2211 1272 2308 praeposuit
1285 2211 1316 2282 Ῥ
1335 2215 1413 2284 bm-

340 2323 397 2398 bo
414 2325 539 2422 itaque
562 2325 739 2397 nominati
756 2325 877 2417 duces,
907 2350 989 2396 curn
1016 2340 1131 2397 essent
1155 2351 1221 2398 suo
1248 2341 1411 2424 tempore

342 2440 604 2536 potentissimi,
626 2441 713 2514 huic
737 2441 816 2513 viro
837 2465 904 2538 pro
919 2463 1008 2538 pace
1024 2465 1087 2511 sua
1103 2438 1306 2512 referebant
1330 2465 1410 2536 gra·

341 2557 430 2646 tias,
447 2571 485 2628 et
500 2580 696 2653 regnorum
712 2555 942 2629 concordiam
956 2553 1154 2654 specialiter
1167 2553 1406 2627 ascribebant.

343 2675 391 2744 Et
417 2687 514 2746 certe
536 2673 657 2746 nescio
685 2684 809 2745 utrum
832 2670 938 2742 alicui
960 2685 1104 2770 patrum
1130 2668 1407 2767 precedentium

343 2789 464 2883 magis
479 2786 541 2859 illa
555 2787 746 2860 conveniat
760 2785 866 2859 lectio
886 2813 894 2858 :
917 2788 964 2856 Et
980 2788 1188 2882 intempore
1213 2783 1407 2858 iracundie

343 2905 467 3002 sactus
483 2921 536 2978 est
547 2903 844 2977 reconciliationis
855 2917 980 2974 auctor
991 2902 1014 2974 ¹.

723 3289 821 3338 curn
846 3285 1030 3336 secuntus.

397 3551 503 3624 Plura
528 3551 676 3624 fortasse
688 3573 796 3646 quam
812 3546 930 3619 aemuli
944 3561 1118 3646 cuperent
1132 3543 1179 3617 de
1200 3547 1278 3618 viro
1298 3571 1403 3620 vene-

347 3667 451 3742 rabili
478 3666 655 3766 scripsisse
678 3666 754 3765 jam
771 3663 911 3755 videor,
931 3685 998 3734 nec
1025 3661 1154 3734 desunt
1174 3658 1306 3758 quibus
1322 3661 1402 3755 ista,

347 3785 431 3857 licet
445 3782 641 3870 verissima,
665 3781 860 3855 nauseam¹
876 3793 1057 3876 generent.
1076 3781 1155 3876 ipse
1171 3801 1318 3875 quoque
1333 3775 1405 3850 hoc

343 3900 508 3973 futurum
536 3896 798 3998 praevideram:
823 3895 888 3971 sed
919 3896 975 3967 his
1006 3907 1196 3968 contentus
1223 3917 1297 3965 non
1325 3916 1400 3966 ero.

387 4145 418 4200 l.
432 4137 522 4198 Moris
533 4148 608 4211 erat,
621 4148 652 4195 ut
667 4111 806 4195 adnotant
818 4133 941 4204 bened„
956 4129 1051 4191 media
1066 4142 1096 4190 et
1107 4128 1205 4189 infima
1219 4139 1312 4206 aetate,
1324 4141 1359 4214 pt
1372 4131 1402 4191 in

345 4231 461 4316 praeviis
484 4229 671 4313 epistolarum
690 4224 912 4290 salutationibus
931 4222 1069 4304 dignioris
1088 4241 1194 4284 nomen
1210 4220 1328 4284 ulterius
1347 4243 1403 4284 uo·

346 4326 419 4387 mini
431 4336 658 4407 preponeretur.

388 4426 419 4481 2.
433 4419 536 4496 Eccli„
547 4439 627 4498 mv,
639 4421 689 4478 l‘l.
715 4446 754 4464 -
776 4416 806 4476 3.
819 4418 960 4476 lt'auu'am
973 4410 1040 4474 cod.
1059 4431 1113 4474 ms.

1249 4521 1286 4578 itt
