3742 5667
475 769 513 826 28
691 759 852 824 OEUVRES
872 749 1091 821 cohartans
1109 763 1161 820 DE
1179 762 1315 825 sueta.

475 927 545 1002 que
561 900 701 973 defectu
717 913 753 972 et
776 899 851 998 ipse
874 889 961 968 Milo
987 896 1130 986 defecit,
1159 912 1195 969 et
1222 897 1374 970 celerem
1398 899 1536 996 fugam,

475 1016 604 1091 infecta
619 1015 811 1106 fauctione,
826 1013 916 1086 flens
929 1026 965 1085 et
977 1012 1114 1110 ejulans
1122 1013 1286 1111 arripuit.
1299 1017 1381 1102 Quo
1395 1014 1535 1107 audito,

475 1129 645 1206 dominus
661 1129 861 1204 Ludovicus
876 1125 922 1199 ad
939 1141 1095 1198 castrum
1110 1127 1294 1200 celerrime
1310 1127 1534 1220 acceleravit,

475 1261 729 1344 compertaque
742 1244 903 1334 veritate,
919 1243 1003 1341 quia
1018 1239 1110 1314 nihil
1120 1242 1323 1342 perdiderat
1340 1243 1533 1338 gaudebat,

474 1378 510 1434 et
525 1362 609 1460 quia
621 1360 787 1433 factiosos
804 1383 877 1431 non
903 1359 1102 1452 invenerat,
1129 1373 1171 1430 ut
1195 1381 1256 1430 eos
1279 1359 1443 1457 patibulo
1454 1359 1538 1432 affi-

475 1493 587 1575 geret,
601 1475 759 1578 dolebat.
783 1473 1060 1548 Remanentihus
1076 1499 1176 1565 vero,
1195 1475 1279 1572 quia
1301 1474 1422 1548 Guido
1441 1476 1540 1572 jure·

472 1593 629 1692 jurando
641 1592 856 1684 firmaverat,
885 1616 1012 1690 pacem
1038 1590 1209 1663 dominus
1237 1590 1441 1664 Ludovicus
1465 1617 1539 1664 ser·

474 1709 585 1781 vavit.
603 1708 674 1782 Sed
685 1733 731 1781 ne
745 1708 832 1807 quid
851 1707 967 1780 simile
983 1706 1152 1805 deinceps
1169 1706 1393 1797 molirentur,
1422 1723 1537 1781 totam

475 1825 581 1898 castri
593 1825 828 1898 munitionem
842 1839 969 1923 praeter
985 1825 1115 1895 turrim
1130 1823 1269 1919 dejecit.

524 1943 582 2013 lx.
610 1939 652 2012 ld
685 1940 778 2012 circa
814 1939 1020 2038 temporis¹,
1056 1937 1231 2010 illustrem
1276 1931 1540 2008 Antiochenam

473 2055 672 2154 principem
687 2054 950 2145 Boamundum,
965 2055 1024 2126 cui
1037 2051 1236 2151 specialiter
1252 2052 1311 2124 illa
1321 2053 1460 2150 potenti
1474 2051 1541 2123 oh

475 2169 614 2242 sidione
628 2173 704 2270 ipsa
721 2168 881 2268 ejusdem
895 2169 1008 2261 urhis,
1031 2168 1080 2241 oh
1100 2175 1155 2240 sul
1170 2169 1429 2259 strenuitatem,
1454 2168 1538 2240 red-

474 2287 549 2359 dita
562 2303 615 2360 est
630 2287 799 2377 munitio,
815 2287 964 2382 contigit
973 2285 1019 2358 ad
1041 2300 1160 2384 partes
1182 2284 1367 2357 Gallorum
1388 2284 1538 2357 descen-

474 2404 579 2496 disse,
599 2407 718 2478 virum
736 2405 828 2476 inter
853 2403 1052 2477 Orientales
1076 2403 1257 2499 egregium
1281 2418 1317 2475 et
1343 2402 1537 2491 famosum,

474 2522 574 2619 cujus
587 2520 772 2620 quoddam
787 2545 1013 2617 generosum,
1022 2535 1058 2592 et
1066 2518 1165 2617 quod
1176 2542 1361 2616 nunquam
1367 2519 1442 2590 sine
1456 2516 1540 2589 diva

473 2661 583 2711 manu
606 2635 684 2708 fieri
700 2651 832 2736 posset,
851 2635 987 2708 factum
1006 2635 1114 2707 etiam
1137 2633 1230 2706 inter
1249 2635 1345 2733 ipsos
1366 2632 1539 2733 pradica-

473 2753 581 2827 batur
594 2759 816 2828 Sarracenos.
836 2757 927 2826 Cum
948 2754 1148 2826 enimcum
1173 2769 1275 2852 patre
1298 2779 1362 2827 suo
1380 2753 1540 2825 Roberto

473 2867 711 2942 Guischardo¹
731 2869 1130 2942 forte³transmarinum
1157 2866 1354 2941 obsedisset
1381 2861 1540 2940 castrum

472 2984 725 3072 Duraehium⁸‚
741 3009 808 3057 nec
823 2985 1156 3058 Thessalonicences
1172 3009 1277 3080 gazae,
1292 3008 1359 3056 nec
1378 2984 1539 3056 thesauri

474 3100 871 3200 Constantinopolitani,
898 3126 966 3172 nec
987 3101 1064 3199 ipsa
1082 3101 1214 3174 Graecia
1233 3115 1308 3172 tota
1325 3125 1387 3172 eos
1415 3124 1539 3172 arcere

474 3216 625 3308 valeret,
643 3215 762 3288 subito
782 3231 864 3315 post
889 3241 951 3288 eos
981 3216 1249 3288 transfretantes
1274 3216 1414 3288 domini
1436 3241 1540 3315 papae

474 3331 662 3406 Alexandri
676 3333 792 3428 legati,
816 3332 877 3431 qui
893 3331 963 3404 'eos
983 3347 1019 3404 et
1045 3332 1215 3406 charitate
1243 3333 1308 3403 Dei
1338 3348 1375 3404 et
1404 3331 1541 3428 obliga·

476 3448 572 3521 tione
602 3447 754 3520 hominii
780 3447 982 3546 adjurando
1009 3449 1259 3537 submoneant,
1277 3449 1467 3540 assistunt3
1497 3463 1540 3520 ut

474 3564 629 3636 ecclesiae
641 3568 808 3637 Romanae
833 3580 868 3637 et
895 3564 1047 3638 domino
1063 3589 1164 3663 papae
1182 3565 1220 3636 in
1244 3578 1344 3636 turre
1367 3567 1539 3636 Crescen-

474 3681 581 3753 tiani'
594 3683 732 3755 incluso
747 3681 794 3755 ab
811 3684 1028 3782 imperatore
1036 3682 1201 3780 eripiant,
1212 3680 1443 3754 devotissime
1456 3707 1541 3781 sup·

517 3943 546 3999 l.
569 3941 625 3997 Per
640 3943 715 3998 idem
734 3956 842 4017 tempus
861 3942 982 4018 contigit
993 3941 1060 3999 cod.
1077 3943 1148 4014 tat,
1162 3939 1245 4014 cujus
1260 3937 1308 3998 hic
1321 3941 1479 4000 seeundum
1494 3940 1540 4000 in·

477 4032 547 4114 cipit
571 4035 772 4112 fragmentum.
798 4035 833 4094 ld
857 4047 916 4114 est,
930 4035 1087 4094 secundum
1104 4032 1237 4094 Orderici
1257 4033 1358 4094 Vitalis
1374 4035 1538 4108 historiam,

476 4147 574 4188 mense
586 4127 690 4188 martio
704 4127 774 4188 anni
789 4132 877 4188 1106.

517 4223 546 4282 2.
570 4223 725 4280 Gur'scardo
740 4221 809 4292 5113,
824 4232 856 4280 ut
868 4233 897 4281 et
913 4221 1002 4282 infra.

516 4315 546 4374 3.
569 4311 615 4372 Sic
627 4317 684 4374 1325
699 4327 727 4373 et
741 4313 810 4377 edit.
827 4349 868 4361 -
883 4319 958 4375 Fere
974 4313 1004 4374 in
1016 4314 1103 4394 reliq.
1119 4315 1247 4394 quinque
1261 4315 1348 4377 codd.

517 4409 546 4467 l.
566 4411 706 4482 Durazao,
720 4408 751 4466 in
764 4408 896 4469 Albania.

518 4501 547 4560 ὅ.
558 4501 599 4558 lta
614 4499 742 4580 quinque
753 4503 839 4564 codd.
854 4516 883 4562 et
895 4503 963 4566 edd.
976 4537 1016 4553 -
1025 4507 1184 4563 &carentia
1195 4508 1306 4568 taa-
1317 4509 1357 4564 At
1369 4503 1399 4561 in
1407 4504 1537 4583 utrisque
