3742 5667
547 756 607 815 ans
767 754 935 812 osuvuus
957 743 1172 813 couruarss
1193 757 1243 814 nu
1263 758 1398 817 suoru.

547 918 621 997 nat,
642 918 682 977 ut
696 904 805 979 altera
821 906 857 978 in
873 905 1022 978 alteram
1037 907 1295 1005 proprietatem
1313 930 1489 1007 usurpare
1503 904 1619 978 inniti

546 1020 753 1094 aestimetur.

595 1141 664 1208 Vas
672 1161 816 1235 quoque
831 1136 942 1227 aliud,
955 1136 1040 1210 huic
1057 1137 1125 1236 ipsi
1138 1138 1301 1230 materia,
1311 1162 1385 1211 non
1400 1137 1518 1211 forma
1530 1162 1618 1236 per·

547 1252 675 1344 simile,
690 1251 737 1326 ad
754 1253 865 1326 instar
877 1254 1059 1353 amphorae
1073 1253 1317 1353 adjunximus,
1332 1254 1436 1353 cujus
1444 1251 1616 1327 versiculi

547 1382 632 1442 sunt
644 1368 700 1441 isti
721 1394 729 1438 :

626 1568 704 1625 Dum
716 1562 807 1625 libare
820 1569 885 1625 Deo
896 1565 1018 1645 gemmis
1031 1566 1171 1628 debemus
1184 1580 1214 1629 et
1223 1588 1309 1643 anm,

667 1662 730 1718 Hoc
743 1677 798 1738 ego
809 1660 946 1738 sugerius
956 1659 1047 1721 offero
1058 1680 1108 1721 ras
1121 1660 1248 1722 Domino
1257 1662 1281 1724 ¹.

599 1836 773 1929 lagenam
797 1858 944 1932 quoque
973 1836 1200 1934 praeclaram,
1230 1860 1340 1934 quam
1362 1834 1469 1910 nobis
1487 1858 1615 1908 comes

548 1949 723 2023 Blesensis
738 1949 965 2024 Theobaldus
978 1951 1016 2023 in
1032 1951 1254 2025 eodemvase
1267 1951 1469 2039 destinavit,
1487 1952 1614 2048 inquo

548 2066 582 2137 ei
610 2090 669 2138 rex
696 2066 822 2139 Siciliae
847 2065 937 2139 illud
962 2068 1221 2161 transmiserat,
1251 2081 1288 2140 et
1310 2067 1390 2140 aliis
1414 2069 1452 2139 in
1479 2064 1613 2138 eodem

548 2180 669 2254 officio
681 2197 860 2277 gratanter
875 2183 1119 2283 apposuimus.

597 2298 747 2371 Vascula
762 2300 869 2372 etiam
885 2298 1089 2392 cristallina,
1103 2324 1183 2397 quoe
1193 2300 1230 2372 in
1242 2299 1377 2399 capella
1388 2312 1515 2371 nostra
1524 2322 1614 2395 quo·

548 2412 684 2486 tidiano
705 2414 849 2487 servitio
861 2414 980 2488 altaris
998 2416 1314 2512 assignaveramus,
1339 2414 1477 2487 ibidem
1501 2438 1611 2513 repo·

548 2528 697 2601 suimus.

598 2648 670 2718 Nec
686 2645 806 2718 miuus
821 2647 1107 2747 porphyriticum
1118 2674 1181 2722 vas
1196 2650 1387 2752 sculptoris
1402 2663 1437 2721 et
1449 2644 1612 2748 politoris

548 2784 659 2833 manu
670 2762 893 2836 ammirabile
915 2765 1060 2857 factum,
1086 2789 1170 2839 cum
1193 2791 1258 2867 per
1282 2766 1417 2839 multos
1439 2788 1558 2836 annos
1574 2762 1609 2834 in

548 2877 680 2949 scrinio
694 2893 864 2972 vacasset,
884 2880 929 2953 de
942 2880 1119 2980 amphora
1132 2882 1171 2954 in
1182 2882 1309 2980 aquilae
1323 2882 1479 2954 sormam
1495 2894 1610 2952 trans

549 2993 712 3084 serendo,
724 2997 802 3069 auri
824 2998 1034 3095 argentique
1051 2997 1216 3091 materia,
1227 2998 1346 3071 altaris
1362 2996 1510 3070 servicio
1529 2994 1609 3069 ada·

550 3110 741 3209 ptavimus,
772 3129 809 3186 et
830 3137 952 3186 versus
983 3113 1192 3211 hujusmodi
1216 3114 1334 3188 eidem
1367 3113 1441 3188 vasi
1464 3112 1608 3185 inscribi

550 3241 696 3316 fecimus
718 3273 726 3316 ε

628 3443 741 3504 Includi
752 3445 872 3523 gemmis
886 3444 961 3525 lapis
974 3445 1028 3507 iste
1040 3460 1168 3507 meretur
1181 3460 1210 3508 et
1222 3467 1306 3507 auro.

666 3542 796 3600 Marmor
809 3553 882 3614 erat,
894 3542 947 3601 sed
957 3541 989 3601 in
999 3542 1045 3602 his
1058 3563 1203 3605 rummare
1214 3542 1311 3604 carior
1326 3554 1380 3603 est.

599 3716 669 3785 Pro
695 3711 827 3810 quibus
851 3714 1021 3787 omnibns
1048 3718 1126 3789 Deo
1149 3714 1390 3814 omnipotenti
1410 3728 1448 3787 et
1481 3711 1608 3786 sanctis

549 3827 766 3925 Martyribus
782 3844 896 3925 grates
908 3829 1111 3923 referimus,
1131 3830 1231 3929 quod
1247 3829 1470 3904 sanctissimo
1491 3825 1604 3919 altari,

549 3942 607 4013 cui
621 3941 687 4015 snb
705 3943 943 4043 praeceptione
956 3962 1085 4018 sanctae
1096 3945 1226 4042 regulae
1242 3970 1309 4018 nos
1322 3968 1465 4043 apuero
1482 3941 1602 4013 offerri

547 4055 674 4149 voluit,
694 4058 791 4131 unde
808 4060 840 4130 ei
864 4058 1062 4133 honorifice
1079 4062 1305 4155 serviremus,
1324 4059 1468 4159 copiose
1493 4056 1604 4153 largiri

550 4194 625 4245 non
644 4174 777 4246 renuit.

591 4411 621 4469 i·
638 4406 778 4469 Absentes
797 4408 850 4469 hos
866 4428 968 4470 versus
981 4408 1011 4470 in
1028 4415 1120 4470 vacua
1136 4408 1304 4471 membrana
1322 4404 1431 4469 codicis
1441 4424 1497 4468 ms.
1511 4408 1603 4469 13835

549 4500 673 4602 restitum
685 4522 787 4565 manus
798 4502 951 4578 recentior,
966 4504 1065 4570 seculo
1081 4505 1142 4566 fere
1152 4503 1265 4565 decimo
1279 4516 1373 4565 sexto.
