3742 5667
564 765 828 841 maorcmces
848 778 1171 839 conmueomuts.
1340 783 1399 839 trs

384 915 509 980 Ilnon.
523 912 737 1002 (januariil....
754 916 796 982 Et
814 932 863 982 est
877 910 1144 980 commemoratio
1161 911 1274 978 Karoli
1293 910 1399 1003 impe·

339 1014 453 1084 satoris
468 1033 502 1082 et
514 1015 627 1082 domni
640 1015 785 1108 Suggerii
798 1015 955 1083 abbans&

382 1437 477 1502 XVII
495 1435 560 1502 kal.
576 1434 786 1502 februarii...
802 1438 896 1519 Item,
920 1435 989 1527 ipso
1011 1435 1077 1518 die,
1104 1433 1185 1501 obiit
1206 1431 1397 1527 suggerius,

336 1540 437 1605 abbas
454 1538 542 1605 Beati
565 1536 725 1628 Dyonisii‚
745 1562 805 1628 pro
825 1539 915 1625 cujus
937 1536 1044 1604 anima
1069 1535 1271 1616 Guillelmus,
1297 1562 1399 1629 nepos

335 1644 414 1729 ejus,
428 1640 662 1708 concanonicus
677 1655 797 1722 noster,
812 1639 903 1707 dedit
916 1639 1011 1706 nobis
1023 1638 1187 1732 sexaginta
1200 1638 1297 1706 libras
1309 1640 1401 1707 Pari-

335 1742 504 1825 siensium;
526 1767 596 1832 quae
615 1741 726 1834 positae
746 1741 876 1809 fuerunt
897 1741 931 1808 in
953 1741 1118 1834 emptione
1143 1740 1336 1809 tentamenti
1357 1744 1399 1811 de

337 1845 497 1913 Orliaco¹.

382 2191 442 2256 Hic
463 2206 511 2256 est
529 2213 630 2255 annus
653 2188 785 2256 ultimus
808 2190 880 2256 vitae
897 2187 997 2256 felicis
1010 2186 1242 2254 recordationis
1259 2186 1393 2277 Sugerii,

336 2291 462 2358 abbatis
484 2290 670 2358 monasterii
691 2291 804 2383 regalis
825 2291 934 2359 Sancti
953 2289 1099 2379 Dionysii
1118 2290 1153 2354 in
1175 2288 1322 2368 Francia,
1337 2288 1398 2355 riri

335 2419 459 2486 magnae
469 2393 646 2485 prudentiae
658 2411 690 2460 et
701 2393 904 2483 eloquentiae,
920 2417 958 2460 ao
968 2391 1052 2459 inter
1065 2390 1235 2483 praeclaros
1248 2390 1397 2457 Ecclesiae

335 2497 498 2588 gallicanae
518 2495 602 2562 viros
628 2495 834 2562 eruditissimi
853 2513 885 2562 et
908 2494 1136 2561 facundissimi.
1167 2493 1226 2560 Cui
1252 2511 1396 2583 tempore

335 2598 530 2690 praelationis
549 2614 707 2686 quantum
723 2595 783 2662 fuit
801 2596 941 2664 studium
957 2614 993 2662 ut
1014 2595 1182 2663 ecclesiam
1200 2620 1292 2662 suam
1305 2594 1393 2660 omni

334 2699 436 2790 gloria
447 2715 481 2765 et
493 2701 616 2765 honore
631 2698 802 2780 attolleret,
822 2698 972 2789 religiose
991 2698 1167 2779 ordinaret,
1183 2715 1216 2764 et
1232 2721 1304 2764 eam
1317 2695 1395 2763 red-

334 2799 454 2867 ditibus
467 2799 665 2890 opulentam,
680 2799 820 2867 aediliciis
831 2800 1034 2892 ampliorem,
1051 2801 1249 2867 ornamentis
1260 2799 1395 2866 decora·

335 2920 402 2970 tam
421 2901 583 2980 redderet,
609 2900 757 2968 omnibus
781 2920 881 2994 patet.
903 2905 1104 2994 Conperante
1131 2904 1228 2970 etiam
1258 2924 1397 2992 superna

335 3007 420 3073 illius
438 3006 623 3087 clementia,
646 3007 699 3096 qui
721 3005 814 3097 ponit
835 3005 972 3072 humiles
996 3005 1029 3071 in
1052 3008 1199 3087 sublime,
1234 3005 1338 3097 ipsum
1357 3005 1398 3070 de

333 3111 428 3202 plebe
444 3109 558 3176 humili
574 3108 618 3176 sic
632 3112 743 3190 erexit,
760 3126 879 3175 utnon
903 3109 1008 3175 solum
1027 3108 1061 3175 in
1083 3109 1284 3200 parlamento
1297 3107 1397 3199 regali

335 3217 401 3309 [ad]
411 3220 527 3286 solium
536 3243 574 3286 ac
584 3218 727 3285 tribunal
735 3217 847 3306 judicii
856 3216 1010 3308 sapientia
1022 3241 1086 3309 qua
1092 3218 1244 3310 praeditus
1250 3217 1395 3284 eratlau-

334 3321 483 3390 debiliter
495 3338 675 3414 peroraret,
681 3344 794 3387 verum
808 3320 906 3387 etiam
918 3337 1074 3410 tanquam
1088 3322 1138 3387 vir
1152 3322 1260 3412 magni
1274 3317 1397 3386 consilii

333 3442 367 3491 et
377 3424 551 3506 industriae,
569 3449 607 3491 ao
630 3424 663 3489 in
679 3425 767 3490 omni
780 3422 879 3490 domo
902 3422 991 3514 regia
1005 3424 1188 3516 spectabilis
1207 3440 1240 3490 et
1255 3422 1399 3513 probatae

333 3525 421 3607 fidei,
438 3553 512 3594 cum
532 3527 661 3594 excelsis
684 3525 884 3618 principibus
907 3526 1110 3610 consederet,
1129 3551 1167 3592 ac
1182 3524 1275 3616 regni
1298 3523 1397 3616 ipsius

333 3631 548 3720 gubernacula
559 3628 720 3721 praecipue
730 3630 965 3696 moderaretur.
978 3630 1125 3694 Acumen
1139 3623 1270 3716 ingenii,
1282 3623 1398 3713 linguae

331 3727 431 3808 nitor,
445 3728 624 3795 litterarum
638 3725 782 3808 scientia,
797 3725 939 3793 dictandi
948 3723 1172 3815 scribendique
1184 3722 1297 3814 peritia
1311 3745 1396 3789 sem-

332 3855 391 3922 per
407 3830 441 3896 in
465 3855 504 3898 eo
524 3831 780 3923 splenduerunt;
805 3845 966 3918 tantaeque
990 3825 1151 3919 opinionis
1174 3825 1262 3917 apud
1280 3848 1397 3917 papam

332 3938 511 4032 Eugenium
523 3937 637 4021 extitit,
647 3953 696 4015 ut,
704 3935 853 4026 quotiens
862 3933 969 4022 aliqua
982 3933 1016 3999 in
1030 3956 1132 4025 regno
1142 3931 1287 4023 gramora
1296 3954 1398 3997 emer·

334 4042 456 4132 gebant
469 4058 502 4107 et
517 4065 618 4132 usque
636 4041 678 4107 ad
696 4041 766 4127 ejus
784 4037 980 4105 audientiam
992 4036 1127 4128 perlata,
1145 4034 1233 4102 istius
1253 4035 1397 4127 probatae

373 4247 403 4307 l.
418 4242 544 4304 Eveteri
558 4240 726 4322 necrologio
739 4239 862 4300 abbatiae
877 4241 907 4299 S.
922 4239 1053 4318 Dionysii
1069 4239 1276 4318 depromptum
1288 4238 1306 4295 a
1319 4235 1391 4296 Feli·

332 4336 432 4412 biano,
450 4335 537 4412 ibid,
552 4356 583 4416 p.
597 4356 684 4396 ccvrr.

372 4435 404 4491 2.
427 4427 607 4490 Obituarium
627 4432 722 4488 Beate
744 4426 842 4486 lllariae
862 4424 1030 4486 Parisieusis
1057 4426 1213 4504 (flateram,
1229 4429 1341 4487 Cartul.
1359 4427 1397 4482 de

333 4529 447 4596 N.·D.,
465 4525 516 4600 lV,
529 4521 594 4602 tt).
