3742 5667
517 752 575 809 rac
735 748 897 807 (acuns
916 731 1130 807 counimus
1148 750 1200 806 nn
1219 748 1353 814 snonn.

516 881 621 956 nobis
633 905 743 980 quam
756 906 777 953 a
793 878 1055 955 successoribus
1073 880 1204 953 nostris
1219 896 1334 977 grates
1350 880 1580 975 reserantur,

515 1014 552 1070 et
565 1022 691 1070 eorum
704 997 853 1071 allectus
868 998 916 1070 ad
930 999 1003 1071 hoc
1017 1000 1135 1098 ipsum
1150 1000 1441 1098 prosequendum
1465 1017 1515 1094 et,
1544 1000 1583 1073 si

513 1137 656 1185 necesse
687 1114 744 1206 sit,
777 1112 1019 1212 peragendum
1048 1114 1149 1186 bono
1184 1115 1347 1213 exemplo
1374 1117 1577 1190 animetur.

513 1232 649 1326 Neque¹
661 1230 758 1302 enim
771 1244 833 1302 aut
843 1230 992 1329 penuria
1008 1230 1140 1328 aliqua,
1157 1245 1219 1303 aut
1230 1228 1487 1328 quodcumque
1503 1231 1583 1302 im·

512 1344 759 1445 pedimentum
781 1352 1038 1444 cujuscumque
1058 1347 1242 1445 potestatis
1261 1345 1463 1419 timendum
1481 1346 1575 1435 erit,

512 1462 541 1533 si
557 1459 606 1533 ob
621 1485 781 1534 amorem
794 1475 999 1534 sanctorum
1011 1465 1206 1560 Martyrum
1217 1460 1264 1534 de
1278 1487 1345 1535 suo
1361 1462 1428 1534 sibi
1443 1486 1579 1535 secure

513 1578 694 1650 serviatur.
720 1578 880 1651 Primum
901 1578 1007 1675 igitur
1027 1578 1126 1676 quod
1143 1582 1220 1653 Deo
1244 1579 1439 1678 inspirante
1459 1578 1577 1675 hujus

512 1693 665 1765 ecclesiae
673 1694 886 1793 incoepimus
894 1719 997 1793 opus,
1005 1696 1388 1794 propterantiquarum
1400 1695 1578 1767 maceria·

510 1812 824 1883 rum¹vetnstatem
831 1826 867 1883 et
877 1808 1055 1907 aliquibus
1066 1810 1103 1883 in
1115 1810 1201 1883 locis
1209 1813 1387 1883 minacem
1394 1810 1576 1909 diruptio·

510 1949 609 2016 nem,
621 1926 737 1997 ascitis
750 1925 959 1999 melioribus
968 1951 1059 2025 quos
1073 1928 1233 2000 invenire
1248 1927 1350 2024 potui
1359 1926 1405 1999 de
1418 1926 1576 1999 diversis

509 2040 669 2148 partibus
682 2042 891 2140 pictoribus,
910 2066 971 2115 eos
988 2042 1101 2140 aptari
1117 2058 1152 2115 et
1167 2042 1316 2115 honeste
1331 2041 1476 2141 depingi
1491 2056 1573 2114 tam

509 2180 597 2229 auro
612 2181 720 2256 quam
740 2158 909 2255 preciosis
923 2156 1104 2231 coloribus
1118 2156 1246 2231 devote
1261 2157 1421 2230 lecimus.
1441 2156 1569 2248 Quod,

509 2272 594 2370 quia
609 2274 716 2345 etiam
729 2273 767 2345 in
783 2272 913 2346 scholis
938 2272 1124 2346 addiscens
1139 2272 1210 2344 hoc
1223 2271 1341 2346 facere
1360 2272 1390 2346 si
1404 2296 1571 2371 unquam

508 2412 649 2486 possem
664 2388 889 2489 appetebam,
902 2388 1072 2462 libentius
1090 2388 1280 2487 complevi.

678 2622 783 2692 XXV.
808 2623 863 2690 De
881 2616 1033 2691 ecclesio
1041 2621 1165 2717 primo
1182 2636 1383 2719 augmento.

559 2824 702 2914 Verum,
717 2846 801 2893 cum
812 2822 889 2919 jam
902 2822 973 2895 hoc
982 2824 1100 2921 ipsum
1117 2824 1234 2896 multo
1246 2837 1391 2921 sumptu
1407 2822 1568 2922 comple·

508 2950 619 3028 retur,
628 2937 827 3036 inspirante
844 2938 967 3011 divino
980 2954 1085 3030 nutu,
1095 2955 1244 3038 propter
1256 2963 1335 3012 earn
1351 2964 1461 3036 quam
1469 2964 1566 3038 saepe

508 3052 635 3125 diebus
660 3053 777 3146 festis,
805 3054 970 3127 videlicet
990 3056 1027 3126 in
1053 3056 1145 3127 sesto
1164 3054 1258 3127 beati
1281 3056 1442 3152 Dionysii
1466 3069 1503 3128 et
1522 3056 1563 3129 in

507 3166 667 3255 lndioto,
697 3184 733 3241 et
757 3170 795 3241 in
816 3170 895 3241 aliis
915 3170 1202 3268 quamplurimis,
1227 3185 1263 3243 et
1288 3170 1501 3243 videbamus
1523 3184 1563 3243 et

507 3282 746 3355 sentiebamus
768 3285 1077 3382 importunitatem
1098 3283 1273 3382 (erigebat
1292 3285 1388 3356 enim
1404 3284 1472 3355 loci
1490 3308 1558 3356 an·

507 3398 620 3500 gustia
643 3413 684 3470 ut
710 3398 875 3471 mulieres
900 3424 1008 3498 super
1033 3400 1148 3498 capita
1177 3400 1359 3492 virorum,
1389 3414 1561 3496 tanquam

506 3537 613 3612 super
628 3514 885 3613 pavimentum,
903 3514 951 3587 ad
959 3513 1069 3587 altare
1080 3513 1206 3588 dolore
1221 3515 1336 3587 multo
1352 3530 1388 3588 et
1401 3515 1560 3587 clamoso

506 3629 662 3701 tumultu
688 3629 915 3728 curremus),
930 3630 978 3702 ad
1007 3632 1312 3727 augmentandum
1338 3646 1374 3705 et
1404 3629 1558 3729 amplifi-

505 3742 662 3815 candum
686 3744 808 3818 nobile
830 3770 1010 3843 manuque
1028 3745 1149 3818 divina
1163 3760 1411 3819 consecratum
1428 3770 1556 3817 mona·

505 3860 667 3951 sterium,
696 3860 855 3932 virorum
883 3861 1084 3959 sapientum
1110 3862 1273 3955 consilio,
1308 3862 1554 3957 religiosorum

505 3973 704 4047 multorum
727 3976 908 4073 precibus,
940 4001 986 4048 ne
1007 3977 1085 4049 Deo
1113 3977 1311 4074 sanctisque
1341 3975 1554 4073 Martyribus

505 4089 720 4189 displiceret,
737 4090 891 4187 adjutus,
908 4090 980 4163 hoc
995 4092 1114 4191 ipsum
1124 4092 1280 4191 incipere
1297 4090 1551 4188 aggrediebar3

545 4281 575 4336 l.
590 4282 654 4337 Non
667 4276 714 4338 ed.
728 4277 831 4338 Chesn.
846 4312 886 4327 -
897 4281 928 4341 2.
939 4283 1131 4338 Materiarum
1143 4278 1211 4339 edd.

544 4372 574 4431 3.
591 4370 647 4441 Cf„
660 4371 697 4431 de
707 4370 753 4431 bis
771 4371 951 4447 tumultibus,
965 4372 1093 4434 libellum
1110 4384 1276 4453 sequemem
1292 4378 1338 4433 De
1352 4378 1555 4432 wmecrattoae

506 4468 639 4542 ecclesia,
654 4484 720 4545 cap.
729 4486 764 4528 11.
