3742 5667
516 810 573 871 seo
738 800 1138 871 monueramus
1158 814 1210 871 ns
1229 812 1364 874 soona.

517 940 654 1039 agenda
666 945 870 1018 reservavit.
888 944 977 1032 Quis
985 945 1082 1018 eoim
1097 968 1163 1040 ego
1173 970 1268 1038 sum,
1284 944 1580 1045 autquaedomus

516 1061 628 1157 patris
642 1060 726 1153 mei,
743 1062 807 1158 qui
821 1074 897 1134 tam
912 1060 1049 1153 nobile,
1063 1076 1140 1134 tam
1151 1076 1293 1159 gratum
1311 1061 1502 1135 aedifioium
1518 1059 1580 1133 vel

516 1172 700 1248 inchoasse
730 1178 1029 1277 praesumpserim,
1057 1176 1113 1250 vel
1130 1177 1322 1276 perfecisse
1342 1176 1577 1276 speraverim,

513 1288 596 1382 nisi,
610 1290 736 1363 divinae
748 1290 1000 1365 misericordia
1017 1306 1054 1364 et
1068 1308 1274 1366 sanctorum
1296 1292 1431 1365 auxilio
1442 1296 1580 1387 Marty-

449 1458 453 1471 .
515 1428 598 1476 rum
617 1405 739 1498 fretus,
754 1421 872 1479 totum
882 1431 943 1480 me
951 1408 1068 1482 eidem
1080 1410 1181 1508 operi
1191 1424 1227 1482 et
1238 1422 1364 1483 mente
1376 1422 1412 1480 et
1420 1428 1581 1505 corpore

515 1520 783 1619 applicuissem?
796 1526 932 1598 Verum
946 1526 1011 1624 qui
1026 1524 1128 1599 dedit
1146 1524 1249 1620 velle,
1267 1523 1374 1598 dedit
1388 1539 1424 1597 et
1438 1546 1548 1622 posse
1566 1546 1576 1591 ε

514 1649 551 1707 et
562 1636 645 1733 quia
655 1636 794 1710 bonum
806 1664 897 1739 opus
906 1640 976 1713 fuit
985 1642 1023 1714 in
1037 1641 1236 1732 voluntate,
1253 1665 1297 1713 ex
1309 1639 1378 1713 Dei
1393 1637 1580 1736 adjutorio

513 1754 609 1825 stetit
636 1754 672 1825 in
693 1754 924 1853 perfectione.
955 1757 1064 1846 Quod
1091 1756 1240 1855 quidem
1259 1754 1459 1854 gloriosum
1482 1776 1582 1851 opus

514 1880 688 1964 quantum
710 1868 830 1941 divina
845 1896 975 1945 manus
991 1874 1029 1945 in
1046 1872 1179 1946 talibus
1197 1896 1348 1971 operosa
1364 1867 1579 1968 protexerit,

512 1998 650 2057 certum
670 2000 725 2059 est
747 1988 855 2060 etiam
877 2006 1145 2085 argumentum,
1170 1988 1269 2088 quod
1285 1989 1322 2059 in
1342 1984 1457 2058 tribus
1471 1982 1582 2055 annis

512 2115 547 2172 et
561 2100 676 2174 tribus
691 2102 874 2177 mensibus
886 2119 1007 2178 totum
1022 2105 1110 2179 illud
1123 2104 1353 2201 magnificum
1369 2124 1476 2199 opus,
1490 2098 1581 2171 etin

512 2212 678 2287 inferiore
695 2218 809 2317 cripta
830 2231 867 2290 et
887 2219 927 2290 in
943 2220 1127 2317 superiore
1142 2216 1323 2291 voltarum
1338 2212 1579 2303 sublimitate,

512 2341 566 2401 tot
590 2354 741 2403 arcuum
769 2346 804 2404 et
833 2332 1090 2407 columnarum
1123 2332 1352 2405 distinctione
1378 2329 1579 2417 variatum,

512 2444 619 2517 etiam
642 2461 817 2544 operture
846 2446 1028 2543 integrum
1058 2446 1352 2547 supplementum
1373 2440 1577 2517 admiserit.

512 2560 614 2633 Unde
640 2563 747 2634 etiam
775 2562 1001 2661 epitaphium
1025 2564 1160 2664 prioris
1193 2560 1485 2650 consecrationis,
1503 2582 1582 2630 una

512 2678 588 2750 sola
602 2676 739 2752 sublata
753 2678 924 2771 dictione,
949 2681 1056 2780 hujus
1070 2682 1182 2754 etiam
1195 2676 1359 2751 annalem
1376 2676 1580 2750 terminum

513 2793 707 2889 concludit,
723 2793 794 2867 hoc
805 2794 939 2869 modo:

589 2977 690 3033 Annus
703 2971 835 3033 millenus
846 2984 875 3060 et
888 2984 1026 3034 centenus
1041 2972 1152 3053 quadra
1158 2990 1250 3053 genus

631 3068 756 3140 Quartus
768 3077 830 3126 erat
840 3065 940 3141 Verbi,
952 3068 1070 3147 quando
1080 3078 1197 3129 sacrata
1212 3064 1278 3125 fnit.

536 3350 543 3366 ·
559 3236 698 3324 Quibus
720 3239 828 3311 etiam
847 3239 1018 3339 epitaphii
1038 3238 1207 3313 versibus
1224 3234 1293 3307 hos
1306 3231 1451 3331 adjungi
1478 3230 1582 3305 dele·

512 3376 627 3448 gimus
647 3381 656 3425 ε

590 3530 660 3589 Pars
673 3548 747 3590 nora
760 3528 904 3611 posterior
916 3529 988 3589 dnm
1001 3527 1133 3611 jungitur
1146 3525 1302 3602 anteriori,

629 3622 703 3683 Aula
714 3624 800 3683 micat
815 3623 910 3684 medio
923 3623 1079 3683 clarificata
1091 3643 1157 3687 suo.

582 3716 687 3780 'Glaret
700 3716 778 3778 enim
787 3716 871 3775 claris
881 3716 962 3795 qnod
976 3715 1053 3776 clare
1061 3712 1286 3795 compulsatur,

629 3816 665 3873 Et
675 3812 754 3891 quod
765 3809 915 3891 perfundit
926 3810 978 3869 lux
991 3828 1080 3884 nova,
1094 3809 1185 3870 claret
1198 3824 1276 3888 opus

589 3906 703 3981 Nobile,
717 3906 796 3985 quod
809 3917 921 3965 constat
930 3916 1046 3964 auctum
1061 3902 1115 3963 sub
1132 3915 1267 3983 tempore
1280 3910 1392 3973 nostro,

629 3998 685 4074 Qui
696 4001 821 4076 sugerus
830 4016 921 4071 eram,
935 4017 981 4057 me
995 3998 1068 4057 duce
1081 3996 1151 4057 dnm
1162 3996 1259 4056 fieret.

559 4174 750 4269 Promptus
772 4171 878 4267 igitur
902 4194 1030 4267 urgere
1045 4193 1226 4244 successus
1241 4189 1359 4256 meos,
1378 4188 1464 4237 cum
1480 4161 1578 4235 nihil

510 4285 657 4360 mallem
667 4286 734 4359 sub
744 4286 836 4360 coelo
845 4312 955 4384 quam
963 4286 1132 4385 prosequi
1147 4285 1271 4359 matris
1287 4280 1443 4355 eoelesiae
1453 4279 1576 4351 hono·

511 4425 601 4493 rem,
614 4399 699 4500 'quae
717 4426 871 4503 puerum
902 4414 1067 4474 materno
1082 4400 1215 4487 affectu
1238 4399 1445 4487 lactaverat,
1472 4395 1579 4491 juve·

511 4540 594 4589 nem
613 4516 857 4590 offendentem
874 4515 1101 4609 sustinuerat,
1118 4530 1223 4591 aetate
1242 4515 1423 4608 integrum
1445 4524 1577 4609 poten·
