3742 5667
752 820 924 879 catam.
1309 825 1365 882 aot

307 977 391 1024 rum
434 951 685 1026 columnarum
731 968 768 1027 ct
809 976 958 1026 arcuum
995 955 1242 1030 convenientia
1285 971 1366 1054 apte

306 1070 425 1161 unito,
458 1070 620 1170 superius
649 1069 760 1142 sancti
791 1070 941 1141 Romani
973 1071 1184 1160 oratorium,
1220 1070 1365 1144 iuferius

306 1187 421 1258 sancti
434 1185 632 1285 ilyppoliti,
648 1201 684 1257 et
701 1210 742 1257 ex
761 1183 829 1257 alia
842 1200 943 1283 parte
964 1187 1077 1258 sancti
1103 1184 1363 1278 Bartholomaei,

306 1325 392 1373 cum
413 1302 541 1375 eadem
556 1325 649 1373 nova
669 1299 861 1374 Ecclesiae
877 1300 1071 1374 venerabili
1091 1300 1365 1399 liothomagensi

305 1417 578 1517 archiepiscopo
593 1422 743 1514 lingone
759 1433 795 1490 et
813 1418 887 1489 aliis
908 1416 1171 1491 venerabilibus
1190 1417 1365 1519 episcopis

305 1535 508 1605 consecrari
539 1533 754 1625 fecissemus,
786 1534 941 1633 ipsisque
967 1533 1083 1607 tribus
1107 1535 1271 1607 oratoriis
1298 1559 1365 1634 pro

306 1649 392 1721 dote
428 1647 603 1723 catholica
636 1663 771 1722 terram
803 1650 906 1745 regiae
936 1648 1081 1741 domus,
1106 1674 1213 1747 quam
1240 1665 1366 1748 quater
1452 1653 1455 1660 '

307 1764 432 1860 viginti
445 1764 544 1836 libris
557 1767 595 1834 ¹a
605 1763 785 1836 Willelmo
795 1763 1054 1838 Cornilloncnsi
1073 1765 1193 1838 favore
1208 1763 1365 1839 liliorum

304 1877 1362 1981 etparentumlocandamethospitandam¹comparavimus,

304 1994 351 2068 ad
367 1995 558 2069 luminaria
574 1995 736 2093 ipsorum
752 1996 990 2070 oratoriorum
1000 1997 1036 2070 in
1053 2012 1267 2096 perpetuum
1282 2005 1366 2071 con·

305 2111 556 2197 firmassemus,
573 2111 693 2184 subito
707 2127 912 2185 sanctorum
928 2115 1126 2210 Martyrum
1146 2110 1364 2188 domnorum

304 2243 340 2300 et
359 2243 608 2328 protectorum
631 2243 840 2300 nostrorum
861 2253 965 2300 amor
996 2242 1032 2300 et
1056 2227 1202 2302 devotio
1226 2255 1293 2302 nos
1317 2230 1363 2302 ad

303 2345 605 2442 augmentandam
627 2358 664 2417 et
683 2343 971 2445 amplificandam
989 2345 1183 2446 superioris
1210 2345 1364 2419 ecclesiae

303 2478 444 2560 partem
459 2461 646 2560 capitalem
658 2461 789 2560 rapuit.
802 2463 875 2532 Nec
887 2485 954 2532 nos
970 2459 1017 2531 ab
1031 2459 1139 2557 hujus
1158 2462 1362 2561 inceptione

304 2574 401 2649 illius
409 2578 525 2676 potuit
533 2576 757 2676 imperfectio
769 2573 956 2662 devocare,
969 2589 1148 2675 sperantes
1156 2577 1193 2648 in
1207 2577 1363 2650 Domino

303 2686 403 2785 quod
415 2689 480 2762 Dei
497 2687 758 2786 omnipotentia
774 2701 810 2760 et
825 2687 875 2759 illi
891 2688 1003 2787 priori
1026 2701 1062 2761 et
1083 2686 1167 2760 huic
1190 2689 1292 2786 operi
1312 2693 1364 2761 s'e-

302 2800 439 2898 quenti,
455 2815 519 2872 aut
531 2825 596 2899 per
615 2824 683 2872 nos
702 2814 765 2872 arrt
777 2825 842 2898 per
856 2823 948 2898 quos
965 2801 998 2872 ei
1015 2799 1201 2898 placuerit,
1215 2800 1362 2899 plenum

302 2917 436 3016 poterit
448 2914 616 3016 adaptare
632 2914 937 3016 supplementum.
955 2919 1032 2988 Huc
1045 2916 1190 2990 accessit
1201 2931 1361 2988 nostram

302 3031 721 3131 mpiendodevotionem,
734 3031 905 3129 quoniam
916 3031 1008 3105 infra
1018 3033 1138 3106 Sancti
1147 3035 1360 3106 Sanctorum

302 3147 400 3222 locus
411 3148 474 3223 illc
486 3148 671 3224 Divinitati
684 3147 849 3242 idoneus,
864 3163 1073 3223 sanctorum
1086 3149 1359 3247 frequentationi

301 3266 512 3361 angelorum
531 3265 765 3363 gratissimus,
782 3251 883 3338 tanta
906 3265 961 3338 sui
979 3266 1141 3360 augustia
1161 3263 1358 3356 artabatur,

303 3396 339 3453 ut
356 3406 424 3454 nec
442 3381 534 3455 hora
555 3381 666 3454 sancti
684 3379 849 3454 sacrificii
865 3381 902 3452 in
929 3381 1217 3454 solemnitatibus
1238 3382 1360 3456 iratres

301 3497 541 3571 sacratissimae
560 3497 781 3570 eucharistiae
802 3498 1107 3570 communicantes
1129 3496 1266 3570 ibidem
1295 3494 1358 3570 de-

300 3616 433 3687 morari
447 3628 604 3714 possent,
620 3639 687 3688 nec
700 3613 971 3688 adventantium
987 3615 1262 3716 peregrinorum
1281 3637 1358 3686 mo-

301 3729 427 3804 lestam
449 3730 687 3828 frequentiam
704 3730 916 3803 multociens
941 3731 1017 3803 siue
1043 3753 1174 3826 magno
1198 3727 1359 3829 periculo

301 3847 473 3920 sustinere
486 3846 658 3921 valerent.
678 3846 824 3920 Videres
841 3846 930 3919 alios
946 3845 992 3917 ab
1008 3844 1085 3918 aliis
1101 3845 1252 3942 graviter
1271 3868 1358 3917 con-

301 3961 446 4056 culcari,
457 3978 508 4056 et,
527 3962 626 4063 quod
638 3962 745 4035 multi
761 3961 1018 4051 discrederent,
1034 3959 1193 4061 pronitas
1211 3961 1357 4033 mulier-

300 4079 409 4170 culas,
429 4105 537 4180 super
555 4079 672 4180 capita
686 4081 848 4153 virorum
867 4094 1038 4180 tanquam
1051 4100 1159 4179 super
1174 4077 1358 4177 pavimen-

302 4207 376 4267 tum
406 4192 608 4268 incedendo
618 4198 643 4291 ⁸,
672 4197 740 4269 niti
768 4193 815 4269 ad
845 4195 958 4270 altare
983 4211 1214 4288 concurrere,
1241 4193 1360 4292 pulsas

340 4397 369 4455 l.
385 4392 491 4454 Libras
506 4394 556 4457 ed.
571 4391 701 4455 nubleti.

340 4491 371 4550 2.
390 4490 539 4548 arandus
551 4501 580 4546 et
590 4489 788 4565 hospitandas,
805 4489 952 4568 mendose,
970 4487 1037 4548 edd.

342 4585 370 4640 3.
384 4585 541 4640 recedendo
550 4583 631 4641 deest
645 4581 676 4640 in
687 4582 736 4647 ed.
751 4579 880 4646 Dubleti.
