3742 5667
606 787 669 844 vm
690 789 740 846 DE
759 791 871 848 touls
890 791 938 848 LE
953 789 1063 852 GROS.
1333 795 1372 854 aa

309 948 329 988 α
347 918 502 992 manitas
518 920 736 1018 supplicium
762 921 912 1014 dolebit,
938 922 1115 996 findetur¹
1138 924 1255 998 forma
1272 952 1373 1000 com-

308 1067 328 1100 ι
348 1035 487 1125 mercii,
503 1034 697 1108 dimidium
710 1037 907 1110 rotundum
921 1040 1002 1130 erit,
1020 1039 1153 1138 peribit
1163 1042 1374 1115 milvorum¹

310 1178 330 1218 a
349 1150 541 1249 rapacitas,
562 1168 598 1226 et
616 1151 740 1224 dentes
757 1153 927 1252 luporum
952 1153 1231 1230 hebetabuntur.
1259 1158 1375 1230 Catuli

309 1295 328 1332 ι
349 1267 466 1338 lconis
497 1268 535 1338 in
574 1291 760 1366 oequoreos
792 1270 905 1366 pisces
939 1269 1304 1359 transformabuntur,
1340 1289 1376 1347 et

310 1381 474 1479 «aquila
502 1383 578 1481 ejus
609 1407 716 1483 super
743 1387 900 1456 montes·
930 1386 1098 1458 bravium
1125 1385 1372 1459 nidificabit.»

307 1501 397 1588 Quae
416 1502 516 1570 rota*
530 1499 618 1572 tanti
636 1515 673 1572 et
692 1515 766 1573 tam
787 1499 958 1600 decrepiti
974 1502 1133 1575 vaticinii
1152 1501 1376 1600 usqueadeo

308 1629 346 1686 et
362 1637 527 1712 personae
552 1615 629 1712 ejus
650 1617 875 1690 ‘strenuitati
898 1633 935 1691 et
959 1617 1060 1714 regni
1076 1616 1378 1694 administrationi

308 1729 512 1829 adaptatur,
534 1747 576 1804 ut
596 1757 663 1805 nec
689 1757 802 1806 uuum
821 1734 908 1824 iota,
931 1758 997 1805 nec
1012 1759 1128 1806 unum
1150 1732 1301 1807 verbum
1328 1732 1377 1806 ab

309 1847 385 1944 ejus
400 1848 652 1920 convenientia
663 1847 850 1922 dissentire
866 1848 981 1921 valeat
997 1877 1006 1920 ε
1022 1873 1107 1922 cum
1120 1875 1165 1922 ex
1180 1847 1251 1922 hoc
1267 1851 1377 1922 etiam

310 1963 410 2061 quod
423 1963 463 2035 in
476 1962 547 2036 fine
559 1962 605 2036 de
613 1964 738 2036 catulis
753 1965 828 2061 ejus
842 1963 987 2052 dicitur,
1005 1965 1192 2038 manifeste
1204 1980 1375 2064 appareat

312 2077 404 2150 lilios
418 2079 497 2176 ejus
508 2093 544 2150 et
553 2077 664 2152 filiam
677 2078 914 2175 naufragatos,
929 2096 1000 2153 eta
1015 2080 1202 2152 maritimis
1218 2079 1378 2179 piscibus

312 2193 518 2286 devoratos,
538 2210 574 2267 et
588 2193 898 2268 convertibiliter⁸
919 2195 1066 2295 physice
1092 2195 1376 2289 transformatos,

313 2309 406 2382 illius
422 2311 632 2383 vaticinium
644 2335 712 2409 pro
726 2325 824 2383 certo
839 2311 1052 2385 verificasse.
1075 2312 1242 2384 Praefatus
1256 2313 1378 2409 itaque

315 2451 374 2497 rex
396 2426 587 2518 Henricus,
614 2426 811 2499 Guillelmo
833 2430 845 2466 ⁷
863 2427 963 2499 fratri
991 2427 1144 2500 feliciter
1164 2427 1371 2519 succedens,

316 2565 398 2614 curn
414 2541 569 2614 consilio
584 2543 786 2641 peritorum
799 2542 1067 2641 etproborum⁸
1088 2544 1251 2615 virorum
1267 2567 1379 2638 regno

319 2655 461 2752 anglis,
487 2655 584 2754 lege’
613 2658 850 2756 antiquorum
876 2683 1018 2755 regum,
1047 2673 1230 2754 gratanter
1251 2658 1376 2757 dispo-

318 2771 456 2866 suisset,
479 2771 644 2872 ipsasque
658 2773 759 2869 regni
773 2775 937 2872 antiquas
953 2772 1231 2847 consuetudines
1242 2773 1288 2876 ad
1298 2798 1380 2871 cap·

317 2887 460 2960 tundam
473 2912 598 2960 eorum
614 2887 895 2962 benivolentiam
902 2888 1137 2987 jurejurando
1154 2888 1330 2963 firmasset
1344 2891 1377 2980 ¹⁰,

319 3003 487 3102 applicuit
510 3003 558 3076 ad
578 3019 725 3102 portum
748 3003 898 3078 ducatus
923 3005 1173 3097 Normannici;
1197 3004 1380 3098 fretusque

320 3119 456 3192 domini
480 3121 573 3217 regis
602 3124 817 3194 Francorum
838 3122 983 3215 auxilio,
1016 3137 1150 3194 terram
1178 3119 1378 3218 componit,

320 3236 409 3334 leges
423 3237 563 3328 recolit,
576 3261 702 3336 pacem
711 3240 843 3313 coactis
857 3239 1024 3337 imponit,
1038 3239 1259 3311 nihilminus
1269 3260 1382 3333 quam

322 3353 534 3428 eruitionem
565 3353 755 3428 oculorum
784 3370 821 3428 et
848 3353 1098 3429 celsitudinem
1122 3354 1319 3445 furcarum,
1350 3351 1381 3424 si

362 3661 390 3716 1.
403 3659 550 3716 thdetur
563 3658 634 3732 133,
649 3659 758 3718 tatto.

363 3753 389 3813 2.
403 3755 559 3812 Milvorum
571 3753 718 3810 multorum
733 3753 804 3814 133.
819 3783 859 3796 -
869 3753 898 3814 3.
913 3754 1043 3810 Mortem
1059 3751 1117 3809 133
1131 3759 1160 3808 et
1175 3749 1244 3808 1113.

364 3849 392 3906 b.
405 3851 477 3906 uota
489 3843 558 3905 cdd.
572 3877 611 3892 -
625 3851 695 3904 Tota
708 3863 758 3904 sex
773 3844 860 3905 codd.

367 3941 393 3999 t.
406 3943 477 4011 Ejrrs
488 3939 571 3997 deest
581 3937 612 3996 in
627 3937 694 3998 cod.
709 3941 766 3998 135
780 3956 814 3996 ac
827 3938 857 3995 in
871 3935 939 3995 edd.

368 4036 393 4094 6.
416 4031 650 4092 Conversabr'lr'ter
666 4033 736 4092 133.
767 4035 811 4092 De
827 4029 884 4089 hoc
906 4028 1071 4105 naufragio,
1091 4030 1126 4091 V.
1150 4027 1256 4089 Ordcr.
1280 4025 1382 4102 vital,

328 4125 379 4184 lib.
392 4129 461 4204 ΧΠ,
474 4137 504 4184 ct
524 4125 602 4184 infra
612 4123 642 4182 in
655 4121 777 4183 Observ.

371 4227 396 4281 1.
411 4225 454 4284 W
452 4225 557 4278 ittetrno
569 4223 639 4281 13³.
651 4252 692 4266 -
702 4224 744 4282 W
744 4222 842 4276 ilermo
855 4218 964 4276 12710.
977 4247 1019 4261 -
1031 4219 1185 4274 Guillmrto
1199 4218 1289 4277 6265.

371 4315 395 4373 3.
409 4320 547 4374 Bonorum
561 4315 652 4374 taos.
666 4344 706 4357 -
718 4315 748 4372 9.
764 4315 821 4370 Pro
834 4313 905 4388 lege,
922 4307 1031 4368 habent
1040 4329 1126 4387 ragno
1137 4308 1202 4369 cod.
1218 4312 1276 4369 133
1289 4321 1318 4368 ct
1331 4307 1380 4372 etl.

331 4410 445 4482 Garn.;
462 4427 575 4484 regrum
587 4405 635 4468 ad.
645 4405 752 4467 chesn.
1164 4457 1170 4470 ,

375 4505 417 4562 tt.
429 4503 580 4562 Fr'rmusset
594 4502 663 4574 133,
679 4501 790 4576 tatto,
805 4509 834 4557 et
846 4497 892 4560 ed.
907 4498 1015 4558 Bencd.
1032 4530 1073 4544 -
1085 4501 1228 4557 Firmaret
1240 4496 1301 4560 alii.
