3742 5667
608 794 670 851 vm
691 793 742 850 DE
761 792 873 852 Louts
893 794 941 850 LE
962 792 1073 851 GROS.
1310 795 1362 851 111

305 949 431 999 amore
453 940 580 999 nostro
602 922 784 1025 deturpari
807 940 843 997 et
859 922 1088 998 dehonestari
1113 924 1212 1019 regio
1228 948 1369 998 carcere

306 1043 556 1143 permitterem
570 1072 581 1136 ;
599 1057 721 1115 utrum
734 1041 843 1115 etiam
860 1066 929 1140 pro
944 1041 999 1113 his
1017 1055 1053 1113 et
1067 1039 1275 1138 hujusmodi
1290 1066 1370 1113 eam

304 1175 544 1259 postponens,
574 1174 681 1232 tantae
695 1160 955 1257 improperium
973 1155 1122 1256 repulsae
1136 1158 1367 1230 incurrerem.

305 1278 474 1373 Cumque
491 1275 536 1348 de
549 1276 639 1348 meis
653 1274 811 1373 aliquem
829 1274 979 1347 domino
993 1297 1107 1372 papae,
1126 1286 1168 1345 ut
1184 1296 1293 1371 super
1314 1272 1371 1345 his

306 1391 535 1485 consuleret,
560 1392 741 1464 remittere
768 1389 1025 1483 deliberarem,
1063 1390 1183 1463 subito
1216 1389 1372 1463 occurrit

305 1506 414 1580 nobis
444 1508 594 1580 clericus
625 1532 817 1600 romanus,
847 1506 980 1581 nobilis
1012 1522 1046 1579 et
1078 1505 1280 1599 familiaris,
1308 1506 1371 1604 qui

305 1623 410 1721 quod
456 1640 669 1723 sumptuoso
708 1624 831 1699 labore
875 1649 941 1723 per
982 1638 1125 1697 nostros
1161 1622 1372 1696 volebamus

307 1765 375 1839 per
407 1740 566 1840 seipsum
605 1741 724 1814 facere
761 1740 882 1813 votive
915 1740 1090 1838 suscepit.
1135 1738 1370 1821 Praemisimus

307 1858 419 1930 etiam
429 1854 478 1929 de
489 1856 726 1948 nostris‚curn
737 1860 746 1895 ¹
757 1857 872 1956 eoqui
882 1872 1040 1949 venerat,
1056 1856 1370 1953 adregemunum,

308 1988 476 2069 utquem
492 1971 601 2045 finem
612 1972 747 2045 turbati
758 1974 770 2009 ¹
782 1974 916 2070 negotii
933 1973 1098 2046 confusio
1107 1972 1295 2070 reperisset
1306 1995 1373 2042 no·

308 2087 366 2160 bis
385 2088 589 2161 referrent:
619 2112 736 2188 neque
764 2089 860 2162 enirn
894 2088 1036 2162 incaute
1055 2089 1177 2186 regiis⁸
1200 2086 1373 2160 molestiis

308 2229 375 2276 nos
387 2228 662 2303 exponeremus.

354 2318 624 2418 Subsequeutes
651 2320 785 2417 itaque,
812 2321 903 2393 sicut
923 2322 953 2392 si
974 2321 1063 2394 mari
1091 2344 1220 2417 magno
1238 2317 1376 2417 absque

307 2436 442 2532 remige
462 2435 732 2529 fluctuaremus,
743 2438 892 2529 turbati,
909 2438 1037 2509 incerti
1047 2437 1100 2508 rei
1113 2451 1276 2529 eventus,
1291 2460 1375 2507 cum

310 2552 518 2648 gravissime
541 2553 780 2644 anxiaremur,
802 2554 868 2626 Dei
902 2554 1159 2652 omnipotentis
1178 2551 1274 2648 larga
1294 2576 1377 2649 pro-

310 2668 515 2767 pitiatione,
536 2668 678 2766 placida
706 2694 792 2741 aura
817 2668 1087 2766 naufragantem
1113 2692 1239 2740 navem
1260 2666 1376 2765 appli-

311 2797 432 2877 mute,
460 2784 645 2883 inopinate
670 2785 822 2858 redeunt
853 2787 916 2883 qui
949 2786 1087 2858 domini
1115 2786 1206 2881 regis
1231 2807 1372 2883 pacem,

311 2914 503 2998 mptorum
530 2900 761 2992 solutionem,
786 2900 970 2974 electionis
991 2900 1300 2974 confirmationem
1320 2922 1377 2972 re·

311 3030 472 3113 portant.
491 3019 564 3088 Nos
576 3033 697 3089 autem
714 3043 757 3089 ex
777 3017 848 3089 hoc
868 3018 946 3115 ipso
968 3016 1162 3099 voluntatis
1187 3016 1253 3088 Dei
1273 3039 1377 3110 argu·

315 3146 479 3203 mentum
503 3146 724 3205 assumentes
746 3131 926 3229 (voluntas
949 3133 1044 3203 enim
1064 3132 1129 3203 Dei
1164 3131 1230 3205 fuit
1247 3146 1288 3229 ut
1305 3132 1375 3202 cito

316 3262 523 3321 occurreret
536 3248 638 3346 quod
653 3249 892 3347 volebamus),
919 3274 1001 3321 cum
1022 3249 1068 3320 ad
1094 3265 1249 3321 matrem
1266 3246 1380 3321 eccle·

316 3359 417 3453 siam,
443 3367 521 3436 Deo
552 3364 762 3461 opitulante,
788 3367 1084 3463 pervenissemus,
1112 3379 1186 3437 tam
1209 3363 1377 3457 dulciter,

315 3490 386 3548 tam
401 3478 572 3568 filialiter,
591 3494 663 3553 tam
681 3480 851 3553 nobiliter
869 3481 985 3554 filium
1003 3480 1192 3581 prodigum
1207 3481 1376 3578 suscepit,

315 3607 402 3667 utet
415 3594 606 3669 dominum
619 3622 741 3693 regem
752 3599 851 3696 prius
863 3623 1002 3691 severo,
1020 3597 1130 3671 modo
1143 3621 1271 3669 sereno
1279 3595 1380 3667 vultu

317 3726 581 3806 occurrentem,
608 3715 920 3814 archiepiscopum
948 3716 1218 3807 Bituricensem,
1249 3714 1382 3812 episco-

317 3850 402 3924 pum
418 3827 735 3925 silvanectensem,
751 3846 787 3904 et
802 3832 1053 3905 ecclesiasticas
1068 3830 1191 3931 plures
1210 3852 1383 3929 personas

317 3941 453 4017 ibidem
483 3970 551 4018 nos
587 3962 814 4046 expectantes
848 3949 1091 4044 gratulanter*
1122 3947 1379 4019 invenerimus.

320 4059 389 4145 Qui
414 4085 500 4133 cum
520 4061 635 4136 multa
656 4064 884 4137 veneratione
906 4061 1163 4139 celeberrime⁵
1186 4088 1269 4136 cum
1291 4061 1384 4135 laeta·

361 4255 390 4312 1.
401 4258 489 4325 num,
504 4253 652 4327 mendose,
666 4254 738 4319 edit.
754 4256 903 4320 Benedict.

359 4350 389 4406 2.
406 4346 527 4405 Turbari
544 4350 684 4409 5925.-
698 4354 729 4413 3.
744 4356 830 4429 Regis
842 4354 958 4411 sla-
968 4356 998 4413 1.
1017 4356 1171 4412 Gratanter
1184 4348 1261 4408 solus
1272 4349 1383 4407 12710.

361 4441 390 4497 5.
410 4441 454 4499 lta
468 4444 542 4501 5113.
559 4472 601 4489 -
616 4442 773 4504 Celebrime
794 4448 903 4504 12710.
921 4479 961 4491 -
975 4443 1034 4504 lilii
1055 4444 1142 4503 codd.
1157 4455 1187 4501 et
1205 4439 1271 4502 edd.
1297 4445 1384 4500 celer·

323 4548 401 4593 rame.
