3742 5667
783 799 961 857 CHARTES.
1343 805 1400 861 :tat

339 929 647 1028 inpraesentiarum
662 929 786 1001 divino
812 933 970 1029 aspectui
993 931 1132 1030 placere
1150 932 1343 1025 valeamus,
1363 949 1396 1008 et

338 1046 375 1115 in
393 1044 517 1116 futuro
541 1045 696 1142 aliquam
721 1045 848 1118 dirinae
868 1045 1114 1119 retributionis
1132 1050 1397 1146 portiunculam

338 1163 374 1232 in
391 1177 533 1234 aeternae
548 1161 722 1233 felicitatis
738 1162 874 1255 gremio
889 1161 1128 1234 obtineamus.

386 1276 506 1368 Unde,
524 1277 571 1350 ad
586 1277 761 1348 bonorem
778 1278 844 1348 Dei
864 1278 1120 1376 omnipotentis
1139 1295 1176 1350 et
1196 1279 1309 1352 beate
1333 1283 1400 1355 Dei

338 1393 521 1488 genitricis
533 1416 745 1491 semperque
754 1392 899 1488 virginis
912 1394 1042 1484 Mariae,
1052 1393 1090 1465 in
1101 1395 1257 1492 capitulo
1275 1413 1399 1470 nostro

338 1508 551 1603 generaliter
579 1507 790 1597 residentes,
825 1509 936 1605 ipsius
964 1523 1093 1581 sanctas
1123 1511 1188 1582 Dei
1222 1512 1400 1606 genitricis

337 1626 550 1698 memoriam
568 1627 792 1715 continuare,
819 1626 994 1716 attollere,
1021 1625 1189 1698 decorare
1209 1630 1397 1702 constitui-

338 1765 449 1812 mus:
480 1766 525 1813 eo
547 1740 711 1814 videlicet
738 1756 877 1831 tenore,
908 1756 950 1813 ut
979 1741 1148 1840 deinceps
1169 1745 1395 1838 aeternaliter,

338 1855 538 1929 secuudum
556 1858 656 1954 quod
671 1857 707 1928 in
729 1857 889 1952 catalogo
908 1857 1013 1955 hujus
1030 1857 1261 1930 institutionis
1275 1861 1397 1933 intitu-

338 1973 452 2044 latum
485 1987 551 2064 est,
583 1974 683 2044 omni
705 1971 764 2044 die
801 1973 940 2044 sabbati
965 1970 1171 2045 solemniter
1199 1975 1399 2049 celebretur
1506 1975 1509 1984 ’

337 2089 647 2186 quemadmodum
661 2089 697 2161 in
712 2090 846 2163 octavis
858 2093 1090 2163 Pentecosten
1103 2088 1217 2162 tribus
1232 2095 1399 2165 extremis

338 2203 485 2299 diebus3
502 2205 740 2303 praeterquod
758 2220 892 2304 septem
916 2205 1085 2294 Psalm0s,
1108 2229 1192 2276 cum
1208 2209 1349 2280 Letania
1363 2227 1398 2282 et

336 2321 474 2415 Vigiliis
496 2336 725 2394 mortuorum
745 2319 876 2392 dimitti
902 2319 1147 2417 prohibemns.
1178 2321 1271 2408 Quia
1301 2323 1397 2396 enim

336 2437 451 2535 ipsam
477 2450 737 2509 sacrosanctam
769 2436 833 2508 Dei
861 2435 1097 2526 Genitricem,
1127 2437 1337 2532 angelorum
1362 2454 1398 2512 et

336 2553 528 2624 hominum
564 2553 748 2648 reginam,
790 2550 898 2623 seculi
942 2551 1121 2648 praesentis
1165 2551 1398 2626 devocatione

337 2682 373 2738 et
405 2669 543 2740 miserae
565 2668 644 2739 vitae
687 2668 795 2766 hujus
827 2666 1004 2738 brevitate
1034 2667 1164 2738 servire
1192 2691 1266 2738 non
1299 2667 1398 2741 sulli-

337 2779 466 2869 cimus,
498 2779 624 2850 fratres
647 2793 788 2851 nostros
810 2803 881 2875 qua
899 2801 1089 2876 possumus
1107 2801 1213 2875 prece
1236 2793 1272 2850 et
1287 2780 1397 2874 gratia

338 2895 386 2966 ad
409 2893 572 2992 ejusdem
594 2893 854 2965 sanctissimum
877 2908 913 2965 et
939 2896 1016 2964 Deo
1046 2891 1294 2987 dignissimum
1320 2894 1396 2966 oul-

340 3024 416 3084 tum
442 3009 642 3096 incitamus,
672 3009 894 3108 posterisque
911 3008 1043 3080 nostris
1070 3022 1143 3079 tam
1162 3032 1269 3106 prece
1289 3034 1398 3107 quam

338 3124 513 3223 privilegii
541 3124 817 3224 adstipulatione
844 3125 963 3223 ipsum
992 3123 1254 3196 sanctissimum
1281 3140 1318 3198 et
1339 3126 1396 3223 jo-

339 3240 497 3312 cundum
534 3243 612 3312 Deo
644 3240 855 3313 famulatum
891 3240 928 3311 in
961 3253 1175 3338 perpetuum
1209 3240 1397 3312 continua-

341 3381 431 3429 mus.

387 3471 640 3545 Gloriosissimi
663 3489 833 3573 praeterea
852 3489 889 3545 et
907 3472 1101 3545 dulcissimi
1117 3472 1260 3570 patroni
1285 3475 1399 3544 nostri

340 3589 548 3660 sanctissimi
564 3590 723 3685 Dionysii
745 3589 997 3686 sociorumque
1018 3589 1106 3685 ejuS,
1123 3612 1279 3685 quorum
1292 3589 1398 3659 mira-

338 3703 399 3775 bili
418 3719 455 3776 et
474 3702 649 3776 ineffabili
666 3704 839 3777 beneficio
857 3705 1012 3794 educati,
1035 3705 1132 3776 docti
1152 3720 1186 3776 et
1206 3704 1319 3800 adjuti
1338 3729 1398 3775 su-

340 3841 434 3906 mus,
449 3814 557 3912 hujus
572 3816 800 3888 sanctissimae
822 3817 886 3887 Dei
905 3816 1104 3887 Genetricis
1126 3815 1337 3886 memoriam
1354 3839 1398 3886 eo

340 3930 468 4003 ordine
486 3946 522 4002 et
540 3930 664 4002 eadem
682 3933 828 4030 paritate
846 3933 881 4000 in
898 3933 1023 4026 quinta
1042 3929 1128 4002 seria
1145 3928 1395 4003 secundamus.

341 4050 557 4121 incessanter
583 4047 680 4118 enirn
704 4062 780 4118 tam
807 4061 929 4118 sancto
956 4063 993 4118 et
1021 4045 1220 4144 apostolico
1247 4045 1399 4120 domino

340 4178 464 4234 nostro
488 4163 525 4233 in
546 4162 617 4234 vita
637 4177 673 4235 et
694 4177 949 4260 postmortem
978 4162 1101 4234 saltem
1123 4162 1194 4235 hoc
1214 4161 1323 4234 modo
1345 4162 1397 4233 fa·

341 4279 470 4353 molari
494 4304 612 4378 operae
641 4279 798 4376 pretium
819 4278 1011 4350 duximus:
1036 4294 1088 4372 ut,
1114 4292 1299 4350 tantorum
1323 4279 1400 4374 ejus

341 4419 520 4467 memores
539 4393 813 4485 beneficiorum,
834 4387 992 4472 pronum
1006 4409 1042 4464 et
1059 4395 1258 4492 propitium
1272 4394 1398 4466 suffra-

341 4524 500 4607 gatorem
522 4511 559 4581 in
577 4523 734 4581 extremo
759 4524 796 4581 et
823 4507 972 4582 terribili
983 4509 1108 4605 judieii
1127 4508 1186 4580 die
1209 4505 1304 4607 apud
1329 4507 1402 4580 dis·
