3742 5667
573 819 636 876 vm
656 819 706 875 DE
727 819 836 878 touls
856 821 902 878 LE
923 818 1034 878 GROS.
1307 829 1344 884 53

278 1003 487 1094 velocitate,
506 1001 747 1096 Guillelmus¹,
768 1004 981 1102 fratercapti
992 1004 1156 1103 dapiferi,
1175 1006 1277 1080 miles
1293 1009 1344 1081 sa-

278 1135 379 1193 netus
404 1135 441 1192 et
473 1120 581 1191 armis
608 1133 787 1209 strenuus,
816 1144 899 1192 eum
925 1121 1129 1216 gravissime
1154 1121 1344 1215 insectans,

278 1231 459 1332 impedire
475 1247 639 1306 conatur.
651 1235 769 1321 Quem
783 1233 953 1332 cumipse
967 1237 1070 1330 Hugo
1085 1233 1163 1331 ipsa
1176 1236 1231 1307 sui
1247 1237 1346 1308 velo-

279 1351 385 1422 citate
405 1349 624 1445 singularem
636 1347 870 1447 conspiceret,
888 1349 1032 1421 vibrato
1047 1349 1185 1422 fraxino
1203 1375 1294 1450 saepe
1311 1353 1347 1424 in

279 1491 364 1538 eum
390 1462 602 1538 intendebat
628 1489 637 1535 τ
661 1463 724 1536 sed
751 1464 850 1561 quia,
878 1464 1010 1537 timore
1031 1467 1344 1563 consequentium,

278 1605 422 1654 moram
439 1581 556 1654 facere
574 1604 647 1652 non
662 1578 830 1668 audebat,
850 1582 1073 1679 reciprocam
1090 1580 1211 1677 fugam
1227 1584 1348 1681 capie-

277 1697 352 1770 bat.
365 1699 446 1769 Hoc
463 1697 554 1769 mire
571 1711 607 1767 et
623 1695 762 1791 egregie
770 1695 904 1768 callens
917 1696 1033 1793 quod,
1050 1697 1079 1768 si
1096 1722 1181 1771 cum
1194 1702 1254 1770 eo’
1270 1699 1348 1773 solo

280 1810 378 1884 solus
404 1834 510 1884 mora
535 1809 653 1908 aliqua
675 1809 766 1881 inire
790 1824 923 1908 posset,
948 1811 1058 1882 animi
1081 1811 1268 1885 audaciam
1286 1829 1349 1887 aut

281 1924 397 1998 duelli
432 1925 616 2026 trophaeo¹
641 1940 702 1998 aut
730 1925 857 1998 mortis
885 1926 1049 2024 periculo
1072 1927 1227 2000 mirabili
1254 1929 1348 2001 sama

283 2040 492 2115 declararet.
529 2041 667 2115 Crebro
697 2042 806 2114 etiam
835 2043 985 2137 contigit
1013 2055 1053 2113 ut
1083 2043 1210 2116 villas⁸
1232 2045 1269 2115 in
1293 2049 1349 2117 via

283 2157 366 2230 sitas
387 2173 425 2230 et
441 2158 709 2230 occini-entium
723 2157 885 2230 hostium
901 2156 1173 2230 indeclinabiles
1194 2159 1350 2258 impetus

285 2273 385 2345 nullo
397 2273 514 2346 modo
531 2273 683 2345 evadam
700 2273 847 2362 valeret,
863 2274 932 2344 nisi
946 2298 1031 2346 cum
1044 2273 1207 2347 simulata
1224 2274 1349 2349 fraude

285 2391 441 2488 seipsum
458 2389 740 2462 Garlandensem
758 2387 990 2462 Guillelmum
1013 2389 1181 2481 fallendo,
1199 2391 1350 2465 Guillel-

286 2531 386 2578 mum
402 2521 527 2578 autem
546 2509 735 2602 Hugonem
751 2529 788 2576 se
805 2519 1017 2602 sequentem
1041 2505 1294 2600 conclamaret,
1313 2524 1349 2582 et

286 2647 327 2696 ex
345 2637 452 2720 parte
474 2621 578 2718 regis,
602 2635 644 2692 ut
660 2645 743 2693 eum
762 2634 934 2718 tanquam
961 2619 1103 2693 hostem
1120 2623 1347 2721 impedirent,

286 2740 465 2811 invitaret.
490 2738 553 2809 His
572 2753 609 2809 et
630 2736 707 2809 aliis
727 2736 949 2834 hujusmodi,
976 2749 1052 2808 tam
1073 2737 1202 2833 linguoe
1215 2741 1352 2814 cautela

287 2879 396 2952 quam
417 2854 530 2926 animi
544 2853 763 2944 strenuitate,
783 2852 866 2946 fuga
880 2850 1012 2951 lapsus,
1032 2853 1166 2927 multos
1185 2880 1277 2928 unus
1291 2856 1354 2928 de·

288 2969 374 3042 risit.
397 2974 473 3042 Rex
489 2983 624 3058 autern,
644 2993 711 3040 uec
727 2968 795 3039 bac
811 2991 878 3039 nec
893 2965 962 3039 alia
975 2969 1163 3042 occasione
1178 2969 1224 3042 ab
1241 2970 1353 3043 incoe-

288 3099 351 3185 pto
387 3083 590 3158 obsidionis
615 3083 799 3174 desistens,
833 3082 1018 3156 castellum
1050 3098 1220 3174 coarctat,
1252 3087 1355 3185 oppi-

289 3201 400 3274 danos
429 3199 599 3289 terebrat,
629 3224 696 3272 nec
727 3223 788 3271 eos
817 3202 1028 3297 impugnare
1050 3197 1199 3290 desistit,
1236 3200 1354 3274 donec

289 3319 514 3415 expugnatis¹
536 3315 631 3390 clam
651 3313 838 3399 militibus,
857 3314 1099 3412 quorumdam
1116 3329 1234 3388 tamen
1254 3319 1355 3417 oppi-

288 3431 467 3505 danorum
486 3431 761 3520 machinatione,
771 3430 908 3528 potenti
925 3429 1056 3502 virtute
1071 3428 1116 3502 ad
1133 3427 1356 3504 deditionem

292 3549 420 3644 coegit.
432 3550 516 3636 Quo
527 3545 684 3620 tumultu
699 3545 842 3630 milites,
861 3543 907 3615 ad
921 3569 1041 3618 arcem
1054 3545 1240 3642 fugientes,
1258 3548 1353 3637 vitae,

291 3687 368 3736 non
383 3664 540 3762 captioni
560 3661 831 3736 consuluerunt·
855 3663 946 3733 Nam
967 3659 1104 3732 ibidem
1128 3661 1271 3754 inclusi,
1289 3686 1356 3735 nec

293 3801 334 3852 se
350 3779 452 3878 plene
465 3794 663 3878 protegere,
676 3801 744 3849 nec
757 3801 877 3849 arcem
892 3776 988 3848 exire
1004 3799 1154 3873 quoquo
1168 3777 1280 3851 modo
1293 3802 1355 3851 va·

294 3893 462 3985 luerunt,
489 3894 605 3967 donec
630 3890 777 3994 quidam
793 3891 886 3983 caesi,
915 3890 1037 3991 plures
1059 3892 1221 3986 sauciati,
1253 3895 1356 3991 regiae

337 4171 370 4227 l.
386 4171 543 4228 autumnus
555 4171 663 4230 stilo.
675 4203 715 4216 -
729 4173 899 4230 Guillermua
912 4171 1003 4232 6265.

336 4263 371 4322 2.
384 4264 421 4319 Eo
429 4260 511 4326 deest
525 4262 555 4322 in
568 4263 633 4325 cod.
650 4266 813 4342 l3d,atque
825 4261 855 4322 in
869 4263 937 4324 edd.
951 4264 1052 4323 Germ.
1067 4275 1097 4322 et
1109 4263 1215 4327 Chesn.

338 4357 372 4414 3.
388 4357 537 4432 Triumpho
549 4359 710 4418 6265.-t.
726 4362 796 4416 Vtar
811 4361 900 4436 aaut,
912 4361 1002 4419 6265.

299 4451 374 4598 ⁰5.
391 4447 433 4505 Sic
456 4447 524 4508 edd.
546 4448 650 4510 chesn.
676 4461 704 4510 et
732 4450 839 4512 Beued.
864 4487 902 4497 -
931 4457 1119 4528 Expugnatos
1139 4452 1226 4514 codd.
1256 4466 1283 4512 et
1306 4455 1353 4513 ed.

327 4555 403 4596 erm.
