3742 5667
462 823 520 882 aas
681 823 848 882 caumas
868 808 1084 883 cournmss
1103 825 1153 882 oa
1178 825 1314 884 socan.

463 955 538 1054 ipse
549 955 766 1055 disponeret,
791 981 948 1052 quorum
965 958 1125 1030 munitus
1146 956 1323 1053 sullragiis
1342 958 1454 1030 tutius
1472 957 1522 1032 de

461 1071 532 1144 hoe
557 1071 677 1145 seculo
702 1074 880 1168 migraret.
905 1075 969 1146 llis
991 1073 1122 1147 cotidie
1146 1072 1384 1146 assidentibus
1404 1073 1524 1146 bumi-

463 1187 546 1260 liter
559 1187 639 1280 sibi,
657 1212 753 1260 nunc
771 1187 964 1284 sigillatim,
986 1188 1201 1262 nuncsimul
1215 1187 1398 1276 omnibus,
1417 1189 1520 1287 quic-

463 1303 550 1401 quid
565 1305 783 1387 conscientia
804 1305 1007 1398 metuebat,
1029 1329 1113 1376 cum
1133 1303 1256 1377 multis
1279 1303 1523 1378 confitebatur

462 1417 637 1514 lacrymis.
669 1420 732 1492 llis
758 1419 869 1493 fidem
898 1419 1074 1516 integram
1095 1420 1316 1517 marentius
1338 1420 1516 1520 exposuit,

461 1535 507 1608 ab
521 1535 577 1607 bis
593 1535 766 1634 quioquid
780 1520 847 1609 sibi
863 1535 1065 1633 injunctum
1082 1549 1119 1607 et
1134 1535 1286 1608 devotus
1296 1534 1472 1634 implevit,
1484 1551 1524 1608 et

461 1676 504 1725 ex
519 1675 646 1724 eorum
666 1651 820 1724 vicissim
836 1651 1018 1743 manibus,
1032 1676 1098 1750 per
1116 1651 1322 1749 quindecim
1344 1649 1420 1724 fere
1438 1666 1523 1724 ante

430 1802 437 1816 ·
461 1769 595 1842 exitum
604 1792 710 1840 suum
718 1767 795 1840 dies
803 1767 1161 1856 sineintermissione,
1173 1766 1352 1839 Dominici
1360 1767 1524 1866 corporis

463 1898 499 1956 et
515 1882 695 1979 sanguinis
712 1897 931 1958 sacramenta
946 1885 1111 1981 suscepit.
1127 1883 1259 1980 sicque
1274 1897 1372 1956 totus
1382 1883 1430 1956 ad
1444 1886 1518 1954 uo-

463 1998 604 2094 minum
616 2023 822 2089 conversus,
839 2015 914 2072 tam
925 1998 1054 2072 diebus
1070 2023 1178 2097 quam
1193 1995 1362 2071 noctibus
1375 1998 1523 2098 psalmis

463 2115 519 2186 vel
549 2131 757 2188 sanctorum
791 2115 1000 2188 nominibus
1028 2139 1092 2213 per
1117 2112 1284 2186 ordinem
1314 2113 1523 2187 invocandis

464 2228 634 2303 sollicitus
659 2229 881 2304 intendebat.
912 2235 1049 2303 Fratres
1068 2253 1212 2328 quoque
1234 2253 1362 2302 omnes
1389 2228 1524 2302 indesi-

464 2360 591 2420 nenter
604 2345 816 2420 hortabatur
831 2346 911 2445 paci
924 2345 1082 2438 studere,
1097 2346 1273 2419 unitatem
1291 2359 1375 2418 ante
1404 2346 1526 2420 omnia

465 2485 617 2551 servare,
636 2461 814 2553 scandala,
836 2462 1041 2554 seditiones,
1063 2461 1120 2534 vel
1142 2463 1306 2534 scismata
1325 2462 1426 2534 omni
1449 2475 1526 2534 stu·

468 2574 531 2648 dio
547 2576 684 2673 lugere,
700 2576 837 2650 ordinis
856 2577 1119 2651 conservationi
1135 2591 1173 2649 et
1182 2577 1306 2650 divino
1321 2576 1446 2666 cultui,
1464 2601 1528 2650 seu

471 2692 684 2766 Sanctorum
698 2693 919 2768 venerationi
935 2693 1126 2789 diligenter
1142 2691 1316 2766 mouebat
1328 2691 1526 2766 intendere.

468 2808 619 2881 Transiit
646 2822 768 2887 autem
799 2807 896 2882 idem
930 2806 1177 2883 desiderabilis
1203 2823 1305 2907 pater
1338 2821 1374 2879 et
1405 2821 1529 2905 pastor

470 2924 630 3018 egregius
651 2925 743 2996 inter
761 2924 871 2996 verba
892 2925 1089 2998 Dominicae
1109 2923 1283 2996 orationis
1296 2936 1334 2994 et
1351 2920 1527 3018 Symboli,

470 3037 529 3110 die
544 3039 671 3112 iduum
693 3040 859 3137 jantmrii,
880 3043 1140 3140 septuagesimo
1156 3039 1268 3112 atatis
1288 3063 1361 3112 sue
1383 3061 1530 3129 anuo,a

470 3156 694 3254 susceptione
708 3171 829 3230 autem
844 3157 1033 3231 monastici
1049 3155 1192 3230 habitus
1206 3155 1282 3228 sere
1295 3155 1526 3249 sexagesimo,

470 3269 575 3370 praela
581 3271 686 3344 tionis
700 3297 786 3345 vero
801 3297 873 3346 suae
889 3273 1060 3367 vigesimo
1073 3287 1109 3344 et
1124 3295 1223 3344 nono
1236 3293 1345 3344 anno.
1364 3268 1528 3357 Transiit,

472 3386 634 3484 inquam,
654 3386 781 3485 plenus
796 3403 869 3459 tam
887 3386 1029 3460 dierum
1048 3411 1158 3486 quam
1175 3386 1364 3476 virtutum,
1385 3385 1421 3458 in
1438 3384 1532 3456 ooelo

473 3503 602 3574 sanctis
619 3503 871 3594 exultantibus,
883 3503 1034 3577 interris
1046 3527 1133 3575 vero
1146 3501 1264 3574 omnis
1276 3500 1532 3573 sexusvelata·

474 3618 530 3708 tis,
548 3621 667 3692 omnis
681 3618 810 3713 gradus
828 3618 886 3691 vel
900 3618 1036 3692 ordinis
1052 3616 1219 3692 fidelibus
1233 3617 1371 3688 moestis
1381 3631 1419 3688 et
1435 3614 1532 3714 plau·

475 3735 651 3830 gentibus.
669 3738 777 3832 Cujus
794 3735 983 3833 sepulturae
996 3750 1032 3808 et
1052 3736 1211 3834 exequiis
1226 3761 1294 3834 pro
1311 3757 1461 3834 persona
1475 3731 1533 3804 vel

473 3846 543 3922 loci
555 3849 726 3946 dignitate
739 3850 992 3941 celeberrimis,
1009 3851 1076 3923 Dei
1095 3866 1197 3940 nutu,
1218 3849 1457 3923 interfuerunt
1472 3873 1533 3920 sex

474 3965 631 4064 episcopi
660 3965 901 4057 venerabiles,
929 3981 966 4038 et
992 3966 1142 4040 abbates
1174 3970 1256 4040 seu¹
1291 3964 1350 4038 alii
1377 3963 1534 4060 religiosi

472 4081 564 4152 viri'
583 4082 842 4182 quamplurimi
855 4111 864 4173 ;
883 4084 947 4181 qui
965 4083 1105 4156 devotis
1119 4081 1344 4154 orationibus
1359 4085 1439 4155 Deo
1461 4080 1533 4179 spi·

473 4195 596 4287 ritum,
610 4212 710 4270 terrae
722 4223 854 4298 corpus
866 4198 1075 4272 solemniter
1083 4198 1398 4272 commendarunt.
1417 4195 1535 4268 Chris·

515 4477 545 4533 l.
565 4476 620 4532 Vel
632 4471 662 4533 in
673 4473 735 4534 tole
748 4472 820 4536 edit.
834 4474 945 4535 Bened-

513 4568 543 4627 Ξ.
560 4571 625 4624 Viri
641 4568 720 4628 deest
734 4567 764 4626 in
779 4567 879 4628 eadem
894 4568 1004 4626 tantum
1018 4564 1156 4628 editione.
