3742 5667
486 824 544 881 toa
705 823 873 880 onnvnns
894 805 1112 880 consueras
1132 824 1182 879 nn
1203 823 1337 882 suom.

487 953 741 1054 prehendenda
757 979 836 1052 quae
855 979 947 1052 opus
959 968 1049 1026 esset
1066 969 1103 1026 et
1121 953 1356 1027 custodienda
1375 983 1384 1026 ι
1402 956 1497 1029 adeo
1510 973 1551 1030 ut

488 1093 722 1168 quacumque
736 1069 871 1164 egregie
897 1068 1010 1141 ¹dicta
1026 1069 1083 1142 vel
1105 1069 1261 1142 audisset
1282 1070 1477 1170 aliquando
1492 1073 1550 1148 vel

488 1185 562 1283 ipse
574 1183 730 1274 dixisset,
750 1184 832 1256 ioco
848 1198 884 1255 et
904 1198 1066 1282 tempore
1082 1185 1120 1256 in
1138 1198 1309 1283 promptu
1323 1185 1488 1260 baberet.
1507 1193 1550 1260 In

487 1326 562 1400 quo
578 1299 751 1372 sobrietas
767 1299 857 1372 adeo
875 1300 998 1394 viguit,
1018 1313 1058 1370 ut
1074 1324 1183 1372 nemo
1197 1299 1416 1375 discerneret
1428 1320 1550 1376 utrum

487 1433 569 1490 ante
602 1415 744 1503 cibum,
776 1439 821 1486 an
851 1413 935 1486 cibo
965 1430 1110 1515 sumpto
1138 1417 1250 1512 magis
1276 1433 1366 1490 esset
1392 1417 1547 1492 sobrius.

486 1535 655 1606 Ceterum,
671 1547 711 1603 ut
725 1531 839 1603 multa
852 1530 1010 1603 breviter
1025 1531 1393 1630 comprehendantur,
1409 1549 1550 1632 quantae

486 1650 627 1724 virtutis
649 1647 731 1721 vel’
754 1648 932 1747 opinionis
949 1649 1004 1719 vir
1023 1649 1090 1720 iste
1115 1648 1152 1719 in
1176 1662 1255 1720 toto
1277 1672 1389 1744 regno
1407 1647 1552 1722 babitus

487 1768 545 1857 sit,
574 1790 643 1838 una
673 1764 751 1837 haec
774 1787 831 1836 res
849 1764 949 1836 testis
972 1765 1101 1853 extitit,
1125 1764 1225 1862 quod
1249 1787 1311 1835 rex
1334 1763 1549 1856 Ludovicus,

487 1879 773 1978 iherosolymam
785 1878 1026 1978 proficiscens
1036 1880 1186 1952 consrbo
1198 1878 1411 1979 pontificum
1423 1895 1460 1953 et
1470 1905 1551 1979 pro

486 2022 609 2070 cerum
626 2012 779 2095 expertae
797 1994 892 2067 illius
912 1993 997 2067 fidei
1018 2013 1054 2067 et
1072 1996 1223 2069 solertiae
1239 2019 1391 2092 regnum
1412 1997 1549 2095 specia-

485 2113 566 2187 liter
591 2113 788 2209 regendum
815 2111 1007 2184 commisit.
1040 2113 1148 2200 Quod
1173 2113 1233 2185 iile
1258 2112 1402 2186 duobus
1417 2113 1554 2186 ferme⁸

487 2229 603 2319 annis,
613 2230 761 2326 juvante
777 2230 870 2316 Deo,
881 2227 930 2301 ita
944 2227 1220 2300 amministravit
1232 2243 1269 2300 et
1283 2227 1387 2316 rexit,
1398 2241 1440 2298 ut
1453 2229 1551 2326 prin·

488 2343 558 2442 cipi
572 2367 718 2415 reverso
738 2343 929 2415 commissa
946 2341 1014 2415 sibi
1034 2343 1236 2415 restitueret
1258 2343 1408 2440 integra.
1426 2341 1497 2416 Sed
1515 2359 1551 2416 et

488 2485 651 2531 summus
667 2458 828 2531 Pontifex
849 2459 1042 2555 Eugenius,
1062 2458 1230 2556 quotiens
1241 2457 1359 2557 aliqua
1378 2459 1415 2531 in
1438 2483 1551 2556 regno

488 2578 650 2672 graviora
669 2575 907 2664 emersissent,
926 2600 1010 2647 cum
1026 2575 1074 2648 ad
1090 2575 1200 2674 ipsius
1226 2576 1444 2648 audientiam
1463 2575 1550 2648 fuis·

489 2707 568 2764 sent
584 2690 732 2791 periata,
747 2691 847 2764 istius
863 2691 1023 2790 probata
1039 2689 1268 2764 discretioni⁸
1283 2691 1409 2790 saepius
1426 2692 1551 2763 termi-

490 2806 607 2880 nanda
640 2807 787 2879 remisit.
821 2807 892 2895 Qui
919 2831 1004 2879 cum
1019 2807 1152 2879 invitus
1172 2822 1208 2879 et
1235 2821 1380 2880 coactus
1394 2807 1552 2880 consiliis

489 2947 615 3019 regum
629 2925 814 2995 interesset
827 2937 863 2995 et
878 2923 1097 3022 principum,
1111 2922 1197 3014 hoc,
1212 2937 1254 2994 ut
1269 2921 1461 3014 fatebatur,
1475 2946 1550 2995 non

490 3039 566 3129 sine
581 3062 712 3134 magno
723 3039 854 3111 mentis
869 3039 1073 3135 gravamine
1090 3038 1301 3130 sustinebat,
1323 3053 1366 3112 ut
1387 3037 1548 3137 pupillis,

489 3168 530 3225 ut
546 3153 676 3244 viduis,
700 3169 742 3226 ut
772 3154 1061 3252 quibuscumque
1077 3153 1294 3253 pauperibus
1319 3169 1357 3226 et
1382 3153 1551 3251 injuriam

490 3267 745 3341 sustinentibus
768 3294 875 3368 opem
896 3269 1026 3362 ferret,
1055 3285 1092 3342 et
1105 3271 1281 3371 precipue
1297 3285 1337 3343 ut
1352 3271 1553 3342 commissae

490 3383 558 3456 sibi
583 3385 747 3457 Ecclesia
776 3385 832 3457 vel
859 3385 987 3458 ceteris
1010 3385 1047 3456 in
1077 3409 1188 3482 regno
1219 3386 1421 3458 constitutis
1453 3384 1552 3484 apud

490 3500 690 3599 principem
705 3503 742 3574 in
753 3501 1019 3601 opportunitate
1036 3500 1253 3574 subveniret.
1267 3502 1330 3573 His
1342 3502 1463 3599 itaque
1470 3516 1551 3573 tan·

490 3617 535 3686 tis
550 3637 591 3688 ao
606 3615 736 3690 talibus
754 3617 821 3688 viri
837 3617 1017 3713 magnifici
1041 3615 1147 3690 bonis
1165 3617 1202 3688 in
1219 3617 1401 3715 quendam
1420 3617 1554 3688 mentis

490 3757 674 3805 excessum
693 3731 789 3822 elati,
814 3757 955 3832 semper
973 3757 1057 3805 eum
1084 3733 1298 3831 optabamus
1325 3732 1552 3831 superstitem

490 3853 621 3944 quem·
636 3848 855 3921 credidimus
869 3850 941 3921 vita
958 3848 1172 3945 digniorem,
1188 3865 1224 3922 et
1242 3850 1325 3923 ideo
1341 3849 1483 3948 plagam
1497 3873 1554 3920 ex-

490 3963 653 4062 cepimus
681 3989 791 4061 quam
817 3965 874 4036 vix
904 3966 999 4037 ferre
1023 3966 1232 4064 poterimus.
1265 3969 1309 4037 Et
1330 3965 1492 4063 quidem,
1522 3967 1552 4037 si

531 4191 560 4248 l.
573 4186 620 4246 Sic
631 4187 698 4248 cod.
715 4205 783 4258 ms,
801 4197 830 4246 et
846 4187 914 4246 edd.
929 4185 1023 4247 Felib.
1038 4209 1072 4248 ac
1083 4188 1193 4250 Bened.
1211 4223 1253 4235 -
1265 4193 1383 4249 Adeout
1394 4195 1423 4246 ει·
1440 4190 1553 4268 egregie

490 4278 538 4341 ed.
551 4279 615 4338 bar.
632 4278 669 4338 de
683 4277 801 4339 Altoiio.

528 4375 559 4434 Ξ.
570 4379 610 4432 Et
623 4371 694 4434 edit.
707 4372 769 4432 bar.
786 4372 823 4432 de
836 4373 955 4435 Altolio.
967 4407 1009 4419 -
1029 4377 1058 4435 ³.
1072 4381 1147 4436 Fere
1158 4376 1229 4437 edit.
1244 4375 1309 4440 bar.
1323 4376 1359 4437 de
1370 4375 1490 4439 stolio.

527 4469 558 4524 lx.
571 4468 764 4540 Discretionis,
781 4467 867 4538 maid,
881 4468 949 4527 edd.
964 4465 1057 4532 Felib.
1072 4479 1101 4528 et
1113 4471 1219 4529 Bened.

531 4565 559 4618 5.
577 4563 664 4632 Quem
683 4559 762 4618 deest
776 4559 805 4618 in
822 4559 888 4618 edd.
905 4559 997 4620 Felib.
1013 4574 1042 4621 et
1053 4563 1163 4622 Bened.
