3742 5667
651 719 655 730 “
764 739 937 797 Lamnus.
1318 739 1375 796 aaa

329 869 452 944 cordia
469 868 666 961 conlidens,
689 891 799 966 mam
816 892 957 966 semper
977 866 1011 938 in
1029 891 1066 938 se
1081 867 1305 965 sperantibus
1318 892 1378 938 ex-

327 986 441 1077 hibet,
456 985 503 1059 ad
524 1010 607 1058 eum
624 984 742 1057 redire
762 997 837 1056 tota
853 983 971 1055 cordis
987 983 1185 1056 intentione
1199 983 1374 1056 desidero.

328 1102 428 1175 Unde
436 1116 471 1174 et
478 1103 635 1173 animam
648 1123 764 1170 meam
779 1101 815 1170 in
823 1113 961 1170 sanctas
968 1123 1095 1170 manus
1105 1113 1238 1172 vestras
1251 1098 1381 1171 devote

330 1215 559 1304 commendo,
568 1231 603 1287 et
617 1222 657 1286 ut
666 1216 790 1286 vestris
803 1229 840 1287 et
852 1228 1053 1286 sanctarum
1067 1214 1381 1310 congregationum

331 1349 526 1405 vestrarum
546 1330 768 1403 orationibus
781 1330 940 1401 divinam
954 1330 1241 1429 propitiationem
1256 1312 1382 1400 animae

331 1474 416 1522 meae
429 1448 635 1537 concilietis,
653 1447 801 1544 genibus
814 1463 936 1520 vestrae
953 1449 1145 1522 sanctitatis
1157 1447 1379 1547 provolutus,

334 1564 538 1662 suppliciter
551 1563 735 1660 efflagito¹.

401 1968 496 2016 xm.
523 1967 571 2016 ΔΙ)
592 1965 778 2015 cosummat
798 1965 1073 2017 suessmnuusuu
1094 1965 1295 2016 EPISCOPUM.

332 2243 420 2316 sager
444 2240 614 2316 temor'gneei
634 2237 755 2314 leveque
774 2240 812 2295 de
827 2241 953 2297 Scissons
974 2233 1002 2295 th
1021 2240 1067 2315 vis
1084 2240 1160 2296 desii·
1178 2236 1250 2315 qu'r‘l
1267 2240 1385 2316 &pronae

627 2332 663 2388 de
684 2335 711 2388 le
726 2336 784 2388 noir
797 2343 885 2388 avant
895 2333 933 2388 de
950 2334 1066 2390 mourir.

807 2505 910 2587 (1151)

291 2798 294 2806 .
380 2732 632 2806 Amantissimo
646 2731 794 2804 domino
813 2748 848 2804 et
862 2733 978 2804 amico
996 2731 1202 2826 venerabili,
1227 2735 1292 2805 Dei
1307 2757 1385 2828 gra-

335 2850 396 2936 tia,
425 2847 668 2921 suessionensi
700 2849 868 2947 episcopo
894 2853 938 2920 G.
959 2850 984 2939 ',
1015 2851 1181 2946 Sugerius
1205 2864 1241 2920 et
1269 2849 1386 2922 adhuc

337 2964 430 3036 Beati
445 2963 605 3060 Dionysii
621 2963 887 3060 qualiscumque
906 2961 1028 3054 abbas,
1049 2965 1285 3062 omnipotenti
1309 2970 1386 3038 Deo

335 3081 426 3150 inter
440 3079 555 3150 felices
568 3079 753 3175 episcopos
769 3083 851 3150 lesu
863 3078 994 3150 Christi
1011 3079 1158 3151 feliciter
1173 3079 1382 3178 episcopari.

382 3201 497 3293 AEque
510 3209 550 3266 ut
563 3220 628 3266 vos
644 3196 799 3267 amicum
815 3210 987 3286 vestrum,
1003 3209 1063 3266 aut
1077 3195 1157 3293 plus
1175 3195 1203 3265 si
1223 3220 1384 3293 possum,

335 3336 397 3382 vos
412 3311 534 3383 videre
550 3308 727 3382 desidero.
744 3308 827 3397 Sed,
841 3311 924 3406 quia
941 3333 1007 3408 per
1021 3335 1165 3382 menon
1180 3311 1294 3400 valeo,
1313 3319 1388 3382 om'·

335 3429 509 3527 nipotenti
534 3431 625 3516 Deo,
646 3442 686 3499 ut
711 3443 793 3499 ante
821 3427 1006 3499 decessum
1031 3452 1154 3500 meum
1180 3453 1242 3500 vos
1267 3427 1387 3500 videre

335 3567 484 3631 merear,
500 3568 569 3639 qua
583 3567 727 3641 possum
739 3568 845 3640 prece
860 3543 1034 3641 supplico.
1048 3542 1155 3632 Quod
1164 3559 1285 3614 autem
1297 3543 1385 3614 mihi

336 3657 542 3749 mandastis,
558 3683 622 3729 vos
632 3673 714 3757 post
729 3683 787 3729 me
802 3658 934 3732 diutius
952 3683 1026 3730 non
1048 3682 1123 3730 esse
1146 3658 1384 3756 superstitem,

337 3789 377 3845 ut
396 3776 493 3844 Deus
513 3787 549 3845 et
576 3774 683 3846 vitam
705 3788 741 3845 et
758 3775 1029 3871 prosperitatem
1057 3772 1159 3845 vohis
1181 3788 1382 3862 conservet,

338 3889 419 3984 quia
443 3887 531 3959 mihi
556 3887 798 3959 utilissimum⁸
819 3901 922 3979 esset,
951 3902 1025 3960 tota
1051 3887 1169 3960 cordis
1190 3889 1387 3960 intentione

379 4181 409 4236 1.
429 4179 473 4234 Ex
492 4177 558 4236 cod.
572 4179 681 4245 ntea,
697 4176 747 4235 lol.
765 4179 815 4236 22.
830 4207 870 4221 -
886 4181 1008 4241 Marteu.
1025 4180 1146 4250 Anecd„
1157 4189 1181 4237 t.
1195 4179 1225 4249 1,
1237 4173 1293 4234 col.
1318 4179 1387 4237 lilla.

341 4273 489 4327 -lierum
499 4273 595 4347 gallic.
611 4276 723 4347 script„
735 4270 801 4343 XV,
818 4272 888 4330 5³1.

379 4367 408 4422 2.
426 4363 564 4426 Gosleno.

378 4459 406 4516 3.
418 4457 464 4516 Sic
478 4456 547 4520 edit.
564 4455 672 4518 Bened.
688 4491 729 4503 -
745 4459 902 4520 Utillimum
913 4458 980 4522 cod.
996 4459 1103 4517 14192.
