<?xml version="1.0" encoding="UTF-8"?>
<!DOCTYPE html PUBLIC "-//W3C//DTD XHTML 1.0 Transitional//EN"
    "http://www.w3.org/TR/xhtml1/DTD/xhtml1-transitional.dtd">
<html xmlns="http://www.w3.org/1999/xhtml" xml:lang="en" lang="en">
 <head>
  <title>
</title>
<meta http-equiv="Content-Type" content="text/html;charset=utf-8" />
  <meta name='ocr-system' content='tesseract 3.04.00' />
  <meta name='ocr-capabilities' content='ocr_page ocr_carea ocr_par ocr_line ocrx_word'/>
</head>
<body>
  <div class='ocr_page' id='page_1' title='image "./oeuvrescompltes00sugegoog_0372.png"; bbox 0 0 3742 5667; ppageno 0'>
   <div class='ocr_carea' id='block_1_1' title="bbox 539 835 1387 917">
    <p class='ocr_par' dir='ltr' id='par_1_1' title="bbox 539 835 1387 917">
     <span class='ocr_line' id='line_1_1' title="bbox 539 835 1387 917; baseline -0.005 -1"><span class='ocrx_word' id='word_1_1' title='bbox 539 859 597 917; x_wconf 83' lang='lat' dir='ltr'><strong>ate</strong></span> <span class='ocrx_word' id='word_1_2' title='bbox 762 855 927 914; x_wconf 81' lang='lat' dir='ltr'><strong>muvass</strong></span> <span class='ocrx_word' id='word_1_3' title='bbox 948 835 1162 912; x_wconf 71' lang='lat' dir='ltr'><strong>contraires</strong></span> <span class='ocrx_word' id='word_1_4' title='bbox 1184 853 1233 910; x_wconf 83' lang='lat' dir='ltr'><strong>na</strong></span> <span class='ocrx_word' id='word_1_5' title='bbox 1252 853 1387 912; x_wconf 81' lang='lat' dir='ltr'><strong>susan.</strong></span> 
     </span>
    </p>
   </div>
   <div class='ocr_carea' id='block_1_2' title="bbox 528 981 1597 4194">
    <p class='ocr_par' dir='ltr' id='par_1_2' title="bbox 530 981 1597 3244">
     <span class='ocr_line' id='line_1_2' title="bbox 539 981 1595 1088; baseline -0.003 -28"><span class='ocrx_word' id='word_1_6' title='bbox 539 992 627 1061; x_wconf 84' lang='lat' dir='ltr'><strong>item</strong></span> <span class='ocrx_word' id='word_1_7' title='bbox 649 1001 686 1060; x_wconf 91' lang='lat' dir='ltr'><strong>et</strong></span> <span class='ocrx_word' id='word_1_8' title='bbox 707 985 805 1088; x_wconf 89' lang='lat' dir='ltr'><strong>apud</strong></span> <span class='ocrx_word' id='word_1_9' title='bbox 825 989 994 1058; x_wconf 89' lang='lat' dir='ltr'><strong>Sanctum</strong></span> <span class='ocrx_word' id='word_1_10' title='bbox 1020 983 1271 1075; x_wconf 77' lang='lat' dir='ltr'><strong>Alexandrum,</strong></span> <span class='ocrx_word' id='word_1_11' title='bbox 1290 981 1483 1057; x_wconf 81' lang='lat' dir='ltr'><strong>venerabili</strong></span> <span class='ocrx_word' id='word_1_12' title='bbox 1509 983 1595 1057; x_wconf 89' lang='lat' dir='ltr'><strong>loco</strong></span> 
     </span>
     <span class='ocr_line' id='line_1_3' title="bbox 539 1097 1596 1200; baseline -0.006 -24"><span class='ocrx_word' id='word_1_13' title='bbox 539 1101 735 1194; x_wconf 70' lang='lat' dir='ltr'><strong>lebrahae‘,</strong></span> <span class='ocrx_word' id='word_1_14' title='bbox 759 1102 901 1174; x_wconf 88' lang='lat' dir='ltr'><strong>missam</strong></span> <span class='ocrx_word' id='word_1_15' title='bbox 923 1125 992 1200; x_wconf 90' lang='lat' dir='ltr'><strong>pro</strong></span> <span class='ocrx_word' id='word_1_16' title='bbox 1017 1099 1193 1173; x_wconf 81' lang='lat' dir='ltr'><strong>defunctis</strong></span> <span class='ocrx_word' id='word_1_17' title='bbox 1208 1098 1293 1172; x_wconf 77' lang='lat' dir='ltr'><strong>seria</strong></span> <span class='ocrx_word' id='word_1_18' title='bbox 1309 1099 1471 1198; x_wconf 90' lang='lat' dir='ltr'><strong>septima,</strong></span> <span class='ocrx_word' id='word_1_19' title='bbox 1488 1097 1596 1171; x_wconf 90' lang='lat' dir='ltr'><strong>anni-</strong></span> 
     </span>
     <span class='ocr_line' id='line_1_4' title="bbox 537 1213 1597 1314; baseline -0.002 -26"><span class='ocrx_word' id='word_1_20' title='bbox 537 1216 731 1292; x_wconf 85' lang='lat' dir='ltr'><strong>versarium</strong></span> <span class='ocrx_word' id='word_1_21' title='bbox 747 1231 925 1308; x_wconf 76' lang='lat' dir='ltr'><strong>nosmum,</strong></span> <span class='ocrx_word' id='word_1_22' title='bbox 943 1229 981 1288; x_wconf 91' lang='lat' dir='ltr'><strong>et</strong></span> <span class='ocrx_word' id='word_1_23' title='bbox 993 1214 1130 1289; x_wconf 84' lang='lat' dir='ltr'><strong>divinas</strong></span> <span class='ocrx_word' id='word_1_24' title='bbox 1145 1235 1213 1314; x_wconf 89' lang='lat' dir='ltr'><strong>pro</strong></span> <span class='ocrx_word' id='word_1_25' title='bbox 1228 1213 1332 1286; x_wconf 85' lang='lat' dir='ltr'><strong>nobis</strong></span> <span class='ocrx_word' id='word_1_26' title='bbox 1345 1238 1447 1286; x_wconf 87' lang='lat' dir='ltr'><strong>aures</strong></span> <span class='ocrx_word' id='word_1_27' title='bbox 1462 1213 1597 1288; x_wconf 89' lang='lat' dir='ltr'><strong>sollici·</strong></span> 
     </span>
     <span class='ocr_line' id='line_1_5' title="bbox 536 1326 1595 1430; baseline -0.002 -28"><span class='ocrx_word' id='word_1_28' title='bbox 536 1345 610 1403; x_wconf 87' lang='lat' dir='ltr'><strong>tare</strong></span> <span class='ocrx_word' id='word_1_29' title='bbox 644 1330 926 1430; x_wconf 82' lang='lat' dir='ltr'><strong>imploravimus.</strong></span> <span class='ocrx_word' id='word_1_30' title='bbox 965 1332 1037 1404; x_wconf 87' lang='lat' dir='ltr'><strong>Nec</strong></span> <span class='ocrx_word' id='word_1_31' title='bbox 1070 1329 1190 1402; x_wconf 90' lang='lat' dir='ltr'><strong>minus</strong></span> <span class='ocrx_word' id='word_1_32' title='bbox 1222 1329 1258 1402; x_wconf 88' lang='lat' dir='ltr'><strong>in</strong></span> <span class='ocrx_word' id='word_1_33' title='bbox 1291 1326 1460 1402; x_wconf 90' lang='lat' dir='ltr'><strong>omnibus</strong></span> <span class='ocrx_word' id='word_1_34' title='bbox 1495 1328 1595 1402; x_wconf 85' lang='lat' dir='ltr'><strong>Beati</strong></span> 
     </span>
     <span class='ocr_line' id='line_1_6' title="bbox 535 1445 1594 1546; baseline 0.001 -29"><span class='ocrx_word' id='word_1_35' title='bbox 535 1445 695 1542; x_wconf 79' lang='lat' dir='ltr'>Dionysii</span> <span class='ocrx_word' id='word_1_36' title='bbox 710 1445 826 1538; x_wconf 92' lang='lat' dir='ltr'><strong>cellis,</strong></span> <span class='ocrx_word' id='word_1_37' title='bbox 846 1460 922 1519; x_wconf 88' lang='lat' dir='ltr'><strong>tam</strong></span> <span class='ocrx_word' id='word_1_38' title='bbox 944 1446 1155 1546; x_wconf 86' lang='lat' dir='ltr'>propinquis</span> <span class='ocrx_word' id='word_1_39' title='bbox 1171 1471 1280 1546; x_wconf 88' lang='lat' dir='ltr'><strong>quam</strong></span> <span class='ocrx_word' id='word_1_40' title='bbox 1303 1447 1463 1538; x_wconf 89' lang='lat' dir='ltr'><strong>remotis,</strong></span> <span class='ocrx_word' id='word_1_41' title='bbox 1486 1447 1594 1518; x_wconf 86' lang='lat' dir='ltr'><strong>anni·</strong></span> 
     </span>
     <span class='ocr_line' id='line_1_7' title="bbox 533 1563 1593 1661; baseline 0 -27"><span class='ocrx_word' id='word_1_42' title='bbox 533 1564 728 1637; x_wconf 80' lang='lat' dir='ltr'><strong>versarium</strong></span> <span class='ocrx_word' id='word_1_43' title='bbox 742 1577 905 1636; x_wconf 89' lang='lat' dir='ltr'><strong>nostrum</strong></span> <span class='ocrx_word' id='word_1_44' title='bbox 918 1563 1193 1661; x_wconf 88' lang='lat' dir='ltr'><strong>orationumque</strong></span> <span class='ocrx_word' id='word_1_45' title='bbox 1212 1563 1427 1652; x_wconf 79' lang='lat' dir='ltr'><strong>instantiam,</strong></span> <span class='ocrx_word' id='word_1_46' title='bbox 1447 1563 1593 1635; x_wconf 87' lang='lat' dir='ltr'><strong>missam</strong></span> 
     </span>
     <span class='ocr_line' id='line_1_8' title="bbox 535 1675 1593 1778; baseline -0.001 -27"><span class='ocrx_word' id='word_1_47' title='bbox 535 1703 602 1778; x_wconf 90' lang='lat' dir='ltr'><strong>pro</strong></span> <span class='ocrx_word' id='word_1_48' title='bbox 635 1677 812 1751; x_wconf 88' lang='lat' dir='ltr'><strong>defunctis</strong></span> <span class='ocrx_word' id='word_1_49' title='bbox 835 1678 944 1750; x_wconf 87' lang='lat' dir='ltr'><strong>semel</strong></span> <span class='ocrx_word' id='word_1_50' title='bbox 976 1679 1013 1750; x_wconf 92' lang='lat' dir='ltr'><strong>in</strong></span> <span class='ocrx_word' id='word_1_51' title='bbox 1044 1675 1245 1751; x_wconf 87' lang='lat' dir='ltr'><strong>ebdomada</strong></span> <span class='ocrx_word' id='word_1_52' title='bbox 1271 1691 1433 1774; x_wconf 81' lang='lat' dir='ltr'><strong>rogantes</strong></span> <span class='ocrx_word' id='word_1_53' title='bbox 1458 1676 1593 1750; x_wconf 84' lang='lat' dir='ltr'><strong>obnixe</strong></span> 
     </span>
     <span class='ocr_line' id='line_1_9' title="bbox 534 1791 1593 1892; baseline 0 -28"><span class='ocrx_word' id='word_1_54' title='bbox 534 1793 828 1892; x_wconf 76' lang='lat' dir='ltr'><strong>impetravimus3</strong></span> <span class='ocrx_word' id='word_1_55' title='bbox 857 1806 894 1865; x_wconf 89' lang='lat' dir='ltr'><strong>et</strong></span> <span class='ocrx_word' id='word_1_56' title='bbox 926 1791 1098 1890; x_wconf 89' lang='lat' dir='ltr'><strong>quoniam</strong></span> <span class='ocrx_word' id='word_1_57' title='bbox 1123 1793 1249 1867; x_wconf 86' lang='lat' dir='ltr'><strong>fratres</strong></span> <span class='ocrx_word' id='word_1_58' title='bbox 1280 1793 1395 1865; x_wconf 81' lang='lat' dir='ltr'><strong>nostri</strong></span> <span class='ocrx_word' id='word_1_59' title='bbox 1420 1791 1593 1874; x_wconf 76' lang='lat' dir='ltr'><strong>carissimi</strong></span> 
     </span>
     <span class='ocr_line' id='line_1_10' title="bbox 532 1905 1590 2008; baseline 0 -28"><span class='ocrx_word' id='word_1_60' title='bbox 532 1908 736 2008; x_wconf 79' lang='lat' dir='ltr'><strong>suppliciter</strong></span> <span class='ocrx_word' id='word_1_61' title='bbox 750 1933 771 1980; x_wconf 90' lang='lat' dir='ltr'><strong>a</strong></span> <span class='ocrx_word' id='word_1_62' title='bbox 787 1905 895 1980; x_wconf 90' lang='lat' dir='ltr'><strong>nobis</strong></span> <span class='ocrx_word' id='word_1_63' title='bbox 904 1907 1018 2004; x_wconf 86' lang='lat' dir='ltr'><strong>rogati</strong></span> <span class='ocrx_word' id='word_1_64' title='bbox 1028 1907 1179 1981; x_wconf 89' lang='lat' dir='ltr'><strong>libenter</strong></span> <span class='ocrx_word' id='word_1_65' title='bbox 1194 1905 1433 2008; x_wconf 89' lang='lat' dir='ltr'><strong>peticionibus</strong></span> <span class='ocrx_word' id='word_1_66' title='bbox 1444 1908 1590 2000; x_wconf 87' lang='lat' dir='ltr'><strong>uostris,</strong></span> 
     </span>
     <span class='ocr_line' id='line_1_11' title="bbox 533 2021 1593 2122; baseline -0.002 -24"><span class='ocrx_word' id='word_1_67' title='bbox 533 2025 683 2098; x_wconf 89' lang='lat' dir='ltr'><strong>scientes</strong></span> <span class='ocrx_word' id='word_1_68' title='bbox 693 2048 760 2098; x_wconf 89' lang='lat' dir='ltr'><strong>nos</strong></span> <span class='ocrx_word' id='word_1_69' title='bbox 770 2047 900 2119; x_wconf 86' lang='lat' dir='ltr'><strong>magno</strong></span> <span class='ocrx_word' id='word_1_70' title='bbox 909 2022 1067 2119; x_wconf 91' lang='lat' dir='ltr'><strong>indigere</strong></span> <span class='ocrx_word' id='word_1_71' title='bbox 1080 2024 1223 2118; x_wconf 83' lang='lat' dir='ltr'><strong>auxilio,</strong></span> <span class='ocrx_word' id='word_1_72' title='bbox 1231 2024 1497 2122; x_wconf 87' lang='lat' dir='ltr'><strong>acquieverunt,</strong></span> <span class='ocrx_word' id='word_1_73' title='bbox 1510 2021 1593 2122; x_wconf 88' lang='lat' dir='ltr'><strong>pul·</strong></span> 
     </span>
     <span class='ocr_line' id='line_1_12' title="bbox 533 2138 1592 2240; baseline -0.001 -28"><span class='ocrx_word' id='word_1_74' title='bbox 533 2164 652 2212; x_wconf 87' lang='lat' dir='ltr'><strong>samus</strong></span> <span class='ocrx_word' id='word_1_75' title='bbox 667 2163 728 2213; x_wconf 89' lang='lat' dir='ltr'><strong>eos</strong></span> <span class='ocrx_word' id='word_1_76' title='bbox 742 2163 861 2239; x_wconf 85' lang='lat' dir='ltr'><strong>prece,</strong></span> <span class='ocrx_word' id='word_1_77' title='bbox 878 2138 1062 2238; x_wconf 87' lang='lat' dir='ltr'><strong>pulsamus</strong></span> <span class='ocrx_word' id='word_1_78' title='bbox 1078 2155 1115 2212; x_wconf 91' lang='lat' dir='ltr'><strong>et</strong></span> <span class='ocrx_word' id='word_1_79' title='bbox 1133 2155 1323 2240; x_wconf 77' lang='lat' dir='ltr'><strong>praecepto,</strong></span> <span class='ocrx_word' id='word_1_80' title='bbox 1341 2139 1429 2212; x_wconf 92' lang='lat' dir='ltr'><strong>etin</strong></span> <span class='ocrx_word' id='word_1_81' title='bbox 1445 2164 1499 2228; x_wconf 87' lang='lat' dir='ltr'><strong>ea,</strong></span> <span class='ocrx_word' id='word_1_82' title='bbox 1519 2163 1592 2237; x_wconf 87' lang='lat' dir='ltr'><strong>qua</strong></span> 
     </span>
     <span class='ocr_line' id='line_1_13' title="bbox 533 2253 1590 2344; baseline -0.003 -16"><span class='ocrx_word' id='word_1_83' title='bbox 533 2253 693 2328; x_wconf 86' lang='lat' dir='ltr'><strong>Christus</strong></span> <span class='ocrx_word' id='word_1_84' title='bbox 709 2255 747 2326; x_wconf 93' lang='lat' dir='ltr'><strong>in</strong></span> <span class='ocrx_word' id='word_1_85' title='bbox 761 2278 824 2328; x_wconf 88' lang='lat' dir='ltr'><strong>ara</strong></span> <span class='ocrx_word' id='word_1_86' title='bbox 835 2254 951 2328; x_wconf 91' lang='lat' dir='ltr'><strong>crucis</strong></span> <span class='ocrx_word' id='word_1_87' title='bbox 964 2257 1040 2327; x_wconf 90' lang='lat' dir='ltr'><strong>Deo</strong></span> <span class='ocrx_word' id='word_1_88' title='bbox 1062 2255 1152 2327; x_wconf 87' lang='lat' dir='ltr'><strong>Patri</strong></span> <span class='ocrx_word' id='word_1_89' title='bbox 1167 2279 1205 2327; x_wconf 89' lang='lat' dir='ltr'><strong>se</strong></span> <span class='ocrx_word' id='word_1_90' title='bbox 1219 2254 1365 2344; x_wconf 89' lang='lat' dir='ltr'><strong>obtulit,</strong></span> <span class='ocrx_word' id='word_1_91' title='bbox 1385 2253 1590 2326; x_wconf 86' lang='lat' dir='ltr'><strong>obedientia</strong></span> 
     </span>
     <span class='ocr_line' id='line_1_14' title="bbox 532 2368 1591 2469; baseline 0.002 -29"><span class='ocrx_word' id='word_1_92' title='bbox 532 2368 736 2468; x_wconf 89' lang='lat' dir='ltr'><strong>adjurantes</strong></span> <span class='ocrx_word' id='word_1_93' title='bbox 761 2368 997 2461; x_wconf 89' lang='lat' dir='ltr'><strong>obtestamur,</strong></span> <span class='ocrx_word' id='word_1_94' title='bbox 1020 2393 1065 2441; x_wconf 90' lang='lat' dir='ltr'><strong>ue</strong></span> <span class='ocrx_word' id='word_1_95' title='bbox 1085 2369 1254 2469; x_wconf 90' lang='lat' dir='ltr'><strong>deinceps</strong></span> <span class='ocrx_word' id='word_1_96' title='bbox 1269 2394 1333 2468; x_wconf 91' lang='lat' dir='ltr'><strong>per</strong></span> <span class='ocrx_word' id='word_1_97' title='bbox 1351 2368 1475 2442; x_wconf 86' lang='lat' dir='ltr'><strong>omnia</strong></span> <span class='ocrx_word' id='word_1_98' title='bbox 1501 2383 1591 2442; x_wconf 88' lang='lat' dir='ltr'><strong>tem·</strong></span> 
     </span>
     <span class='ocr_line' id='line_1_15' title="bbox 532 2483 1589 2583; baseline 0.002 -27"><span class='ocrx_word' id='word_1_99' title='bbox 532 2508 660 2583; x_wconf 90' lang='lat' dir='ltr'><strong>porum</strong></span> <span class='ocrx_word' id='word_1_100' title='bbox 692 2483 890 2575; x_wconf 89' lang='lat' dir='ltr'><strong>curricula,</strong></span> <span class='ocrx_word' id='word_1_101' title='bbox 918 2484 1123 2558; x_wconf 78' lang='lat' dir='ltr'><strong>successivis</strong></span> <span class='ocrx_word' id='word_1_102' title='bbox 1151 2483 1298 2557; x_wconf 81' lang='lat' dir='ltr'><strong>fratrum</strong></span> <span class='ocrx_word' id='word_1_103' title='bbox 1320 2483 1589 2558; x_wconf 89' lang='lat' dir='ltr'><strong>succedentium</strong></span> 
     </span>
     <span class='ocr_line' id='line_1_16' title="bbox 532 2593 1589 2694; baseline 0.001 -27"><span class='ocrx_word' id='word_1_104' title='bbox 532 2593 767 2694; x_wconf 89' lang='lat' dir='ltr'><strong>temporibus,</strong></span> <span class='ocrx_word' id='word_1_105' title='bbox 788 2594 835 2668; x_wconf 89' lang='lat' dir='ltr'><strong>ab</strong></span> <span class='ocrx_word' id='word_1_106' title='bbox 851 2595 923 2668; x_wconf 91' lang='lat' dir='ltr'><strong>hoc</strong></span> <span class='ocrx_word' id='word_1_107' title='bbox 935 2595 1036 2694; x_wconf 93' lang='lat' dir='ltr'><strong>quod</strong></span> <span class='ocrx_word' id='word_1_108' title='bbox 1052 2595 1156 2668; x_wconf 91' lang='lat' dir='ltr'><strong>nobis</strong></span> <span class='ocrx_word' id='word_1_109' title='bbox 1170 2593 1402 2670; x_wconf 87' lang='lat' dir='ltr'><strong>firmaverunt</strong></span> <span class='ocrx_word' id='word_1_110' title='bbox 1419 2594 1589 2692; x_wconf 77' lang='lat' dir='ltr'><strong>suffragio</strong></span> 
     </span>
     <span class='ocr_line' id='line_1_17' title="bbox 533 2709 1585 2811; baseline 0 -29"><span class='ocrx_word' id='word_1_111' title='bbox 533 2709 717 2802; x_wconf 88' lang='lat' dir='ltr'><strong>desistant,</strong></span> <span class='ocrx_word' id='word_1_112' title='bbox 750 2713 966 2811; x_wconf 86' lang='lat' dir='ltr'><strong>promissum</strong></span> <span class='ocrx_word' id='word_1_113' title='bbox 1006 2709 1171 2803; x_wconf 87' lang='lat' dir='ltr'><strong>reddant,</strong></span> <span class='ocrx_word' id='word_1_114' title='bbox 1203 2725 1329 2784; x_wconf 91' lang='lat' dir='ltr'><strong>votum</strong></span> <span class='ocrx_word' id='word_1_115' title='bbox 1369 2709 1585 2810; x_wconf 86' lang='lat' dir='ltr'><strong>persolvant,</strong></span> 
     </span>
     <span class='ocr_line' id='line_1_18' title="bbox 531 2823 1588 2924; baseline 0.001 -28"><span class='ocrx_word' id='word_1_116' title='bbox 531 2825 623 2897; x_wconf 89' lang='lat' dir='ltr'><strong>sicut</strong></span> <span class='ocrx_word' id='word_1_117' title='bbox 642 2827 846 2924; x_wconf 87' lang='lat' dir='ltr'><strong>responsuri</strong></span> <span class='ocrx_word' id='word_1_118' title='bbox 869 2826 906 2898; x_wconf 91' lang='lat' dir='ltr'><strong>in</strong></span> <span class='ocrx_word' id='word_1_119' title='bbox 923 2840 1081 2898; x_wconf 80' lang='lat' dir='ltr'><strong>extremo</strong></span> <span class='ocrx_word' id='word_1_120' title='bbox 1098 2825 1248 2900; x_wconf 89' lang='lat' dir='ltr'><strong>districti</strong></span> <span class='ocrx_word' id='word_1_121' title='bbox 1267 2825 1392 2924; x_wconf 88' lang='lat' dir='ltr'><strong>judicii</strong></span> <span class='ocrx_word' id='word_1_122' title='bbox 1411 2823 1485 2918; x_wconf 87' lang='lat' dir='ltr'><strong>die,</strong></span> <span class='ocrx_word' id='word_1_123' title='bbox 1504 2849 1588 2898; x_wconf 88' lang='lat' dir='ltr'><strong>cum</strong></span> 
     </span>
     <span class='ocr_line' id='line_1_19' title="bbox 530 2941 1587 3038; baseline 0.003 -27"><span class='ocrx_word' id='word_1_124' title='bbox 530 2965 598 3014; x_wconf 90' lang='lat' dir='ltr'><strong>nos</strong></span> <span class='ocrx_word' id='word_1_125' title='bbox 612 2941 765 3014; x_wconf 83' lang='lat' dir='ltr'><strong>invicem</strong></span> <span class='ocrx_word' id='word_1_126' title='bbox 776 2941 971 3014; x_wconf 88' lang='lat' dir='ltr'><strong>viderimus</strong></span> <span class='ocrx_word' id='word_1_127' title='bbox 985 2941 1022 3012; x_wconf 91' lang='lat' dir='ltr'><strong>in</strong></span> <span class='ocrx_word' id='word_1_128' title='bbox 1040 2963 1084 3014; x_wconf 91' lang='lat' dir='ltr'><strong>eo</strong></span> <span class='ocrx_word' id='word_1_129' title='bbox 1099 2941 1162 3038; x_wconf 93' lang='lat' dir='ltr'><strong>qui</strong></span> <span class='ocrx_word' id='word_1_130' title='bbox 1181 2966 1248 3014; x_wconf 93' lang='lat' dir='ltr'><strong>nos</strong></span> <span class='ocrx_word' id='word_1_131' title='bbox 1269 2954 1304 3014; x_wconf 91' lang='lat' dir='ltr'><strong>et</strong></span> <span class='ocrx_word' id='word_1_132' title='bbox 1323 2956 1423 3014; x_wconf 89' lang='lat' dir='ltr'><strong>actus</strong></span> <span class='ocrx_word' id='word_1_133' title='bbox 1443 2954 1587 3014; x_wconf 86' lang='lat' dir='ltr'><strong>nostros</strong></span> 
     </span>
     <span class='ocr_line' id='line_1_20' title="bbox 530 3053 1588 3154; baseline -0.001 -28"><span class='ocrx_word' id='word_1_134' title='bbox 530 3077 595 3152; x_wconf 92' lang='lat' dir='ltr'><strong>per</strong></span> <span class='ocrx_word' id='word_1_135' title='bbox 608 3054 730 3128; x_wconf 88' lang='lat' dir='ltr'><strong>omnia</strong></span> <span class='ocrx_word' id='word_1_136' title='bbox 741 3053 852 3148; x_wconf 84' lang='lat' dir='ltr'><strong>videt,</strong></span> <span class='ocrx_word' id='word_1_137' title='bbox 867 3055 930 3153; x_wconf 92' lang='lat' dir='ltr'><strong>qui</strong></span> <span class='ocrx_word' id='word_1_138' title='bbox 947 3079 1014 3128; x_wconf 91' lang='lat' dir='ltr'><strong>nos</strong></span> <span class='ocrx_word' id='word_1_139' title='bbox 1026 3055 1122 3154; x_wconf 89' lang='lat' dir='ltr'><strong>ipsos</strong></span> <span class='ocrx_word' id='word_1_140' title='bbox 1132 3054 1202 3128; x_wconf 91' lang='lat' dir='ltr'><strong>sibi</strong></span> <span class='ocrx_word' id='word_1_141' title='bbox 1215 3055 1333 3128; x_wconf 85' lang='lat' dir='ltr'><strong>vivere</strong></span> <span class='ocrx_word' id='word_1_142' title='bbox 1347 3053 1514 3152; x_wconf 84' lang='lat' dir='ltr'><strong>dignetur</strong></span> <span class='ocrx_word' id='word_1_143' title='bbox 1524 3079 1588 3154; x_wconf 86' lang='lat' dir='ltr'><strong>per</strong></span> 
     </span>
     <span class='ocr_line' id='line_1_21' title="bbox 530 3167 1156 3244; baseline 0.005 -5"><span class='ocrx_word' id='word_1_144' title='bbox 530 3169 651 3242; x_wconf 88' lang='lat' dir='ltr'><strong>omnia</strong></span> <span class='ocrx_word' id='word_1_145' title='bbox 666 3167 785 3243; x_wconf 87' lang='lat' dir='ltr'><strong>secula</strong></span> <span class='ocrx_word' id='word_1_146' title='bbox 799 3168 1016 3244; x_wconf 89' lang='lat' dir='ltr'><strong>seculorum.</strong></span> <span class='ocrx_word' id='word_1_147' title='bbox 1034 3175 1156 3242; x_wconf 78' lang='lat' dir='ltr'><strong>Amen.</strong></span> 
     </span>
    </p>

    <p class='ocr_par' dir='ltr' id='par_1_3' title="bbox 528 3285 1588 3818">
     <span class='ocr_line' id='line_1_22' title="bbox 579 3285 1588 3385; baseline 0.002 -28"><span class='ocrx_word' id='word_1_148' title='bbox 579 3289 705 3358; x_wconf 77' lang='lat' dir='ltr'><strong>Actum</strong></span> <span class='ocrx_word' id='word_1_149' title='bbox 722 3285 819 3385; x_wconf 90' lang='lat' dir='ltr'><strong>apud</strong></span> <span class='ocrx_word' id='word_1_150' title='bbox 835 3289 1006 3359; x_wconf 88' lang='lat' dir='ltr'><strong>Sanctum</strong></span> <span class='ocrx_word' id='word_1_151' title='bbox 1024 3285 1250 3385; x_wconf 86' lang='lat' dir='ltr'><strong>Dionysium,</strong></span> <span class='ocrx_word' id='word_1_152' title='bbox 1271 3285 1307 3358; x_wconf 93' lang='lat' dir='ltr'><strong>in</strong></span> <span class='ocrx_word' id='word_1_153' title='bbox 1330 3285 1515 3359; x_wconf 91' lang='lat' dir='ltr'><strong>communi</strong></span> <span class='ocrx_word' id='word_1_154' title='bbox 1531 3309 1588 3359; x_wconf 86' lang='lat' dir='ltr'><strong>ca·</strong></span> 
     </span>
     <span class='ocr_line' id='line_1_23' title="bbox 530 3397 1587 3497; baseline 0.002 -27"><span class='ocrx_word' id='word_1_155' title='bbox 530 3397 666 3497; x_wconf 90' lang='lat' dir='ltr'><strong>pitulo,</strong></span> <span class='ocrx_word' id='word_1_156' title='bbox 696 3403 773 3472; x_wconf 69' lang='grc' dir='ltr'><strong>ΧΨ</strong></span> <span class='ocrx_word' id='word_1_157' title='bbox 805 3398 974 3474; x_wconf 79' lang='lat' dir='ltr'><strong>kalendas</strong></span> <span class='ocrx_word' id='word_1_158' title='bbox 1002 3398 1110 3497; x_wconf 92' lang='lat' dir='ltr'><strong>julii,</strong></span> <span class='ocrx_word' id='word_1_159' title='bbox 1138 3424 1236 3473; x_wconf 88' lang='lat' dir='ltr'><strong>anno</strong></span> <span class='ocrx_word' id='word_1_160' title='bbox 1276 3401 1449 3474; x_wconf 88' lang='lat' dir='ltr'><strong>incarnati</strong></span> <span class='ocrx_word' id='word_1_161' title='bbox 1479 3399 1587 3474; x_wconf 87' lang='lat' dir='ltr'><strong>Verbi</strong></span> 
     </span>
     <span class='ocr_line' id='line_1_24' title="bbox 528 3515 1587 3615; baseline 0.001 -30"><span class='ocrx_word' id='word_1_162' title='bbox 528 3515 779 3608; x_wconf 76' lang='lat' dir='ltr'><strong>MCXXXVIP,</strong></span> <span class='ocrx_word' id='word_1_163' title='bbox 808 3515 1004 3588; x_wconf 91' lang='lat' dir='ltr'><strong>indictione</strong></span> <span class='ocrx_word' id='word_1_164' title='bbox 1028 3518 1118 3606; x_wconf 80' lang='lat' dir='ltr'><strong>XV&#39;,</strong></span> <span class='ocrx_word' id='word_1_165' title='bbox 1138 3532 1261 3615; x_wconf 90' lang='lat' dir='ltr'><strong>epacta</strong></span> <span class='ocrx_word' id='word_1_166' title='bbox 1282 3519 1417 3606; x_wconf 74' lang='lat' dir='ltr'><strong>XXVP,</strong></span> <span class='ocrx_word' id='word_1_167' title='bbox 1440 3539 1587 3588; x_wconf 91' lang='lat' dir='ltr'><strong>concur·</strong></span> 
     </span>
     <span class='ocr_line' id='line_1_25' title="bbox 529 3629 1587 3722; baseline 0.002 -22"><span class='ocrx_word' id='word_1_168' title='bbox 529 3642 631 3701; x_wconf 90' lang='lat' dir='ltr'><strong>rente</strong></span> <span class='ocrx_word' id='word_1_169' title='bbox 658 3633 730 3722; x_wconf 65' lang='grc' dir='ltr'><strong>ΙΨ,</strong></span> <span class='ocrx_word' id='word_1_170' title='bbox 757 3629 841 3704; x_wconf 88' lang='lat' dir='ltr'><strong>luna</strong></span> <span class='ocrx_word' id='word_1_171' title='bbox 866 3631 1026 3722; x_wconf 85' lang='lat' dir='ltr'><strong>xx1111·,</strong></span> <span class='ocrx_word' id='word_1_172' title='bbox 1042 3653 1138 3703; x_wconf 87' lang='lat' dir='ltr'><strong>anno</strong></span> <span class='ocrx_word' id='word_1_173' title='bbox 1159 3655 1245 3705; x_wconf 85' lang='lat' dir='ltr'><strong>vero</strong></span> <span class='ocrx_word' id='word_1_174' title='bbox 1272 3630 1587 3704; x_wconf 85' lang='lat' dir='ltr'><strong>administrationis</strong></span> 
     </span>
     <span class='ocr_line' id='line_1_26' title="bbox 528 3747 775 3818; baseline 0.004 -1"><span class='ocrx_word' id='word_1_175' title='bbox 528 3757 657 3817; x_wconf 72' lang='lat' dir='ltr'><strong>nostrae</strong></span> <span class='ocrx_word' id='word_1_176' title='bbox 670 3747 775 3818; x_wconf 68' lang='lat' dir='ltr'><strong>xvlt</strong></span> 
     </span>
    </p>

    <p class='ocr_par' dir='ltr' id='par_1_4' title="bbox 578 3859 1161 3963">
     <span class='ocr_line' id='line_1_27' title="bbox 578 3859 1161 3963; baseline 0.002 -33"><span class='ocrx_word' id='word_1_177' title='bbox 578 3859 725 3956; x_wconf 78' lang='lat' dir='ltr'><strong>Signum</strong></span> <span class='ocrx_word' id='word_1_178' title='bbox 741 3859 867 3934; x_wconf 89' lang='lat' dir='ltr'><strong>domui</strong></span> <span class='ocrx_word' id='word_1_179' title='bbox 878 3863 1007 3936; x_wconf 85' lang='lat' dir='ltr'><strong>Hervei</strong></span> <span class='ocrx_word' id='word_1_180' title='bbox 1019 3860 1161 3963; x_wconf 90' lang='lat' dir='ltr'><strong>prioris.</strong></span> 
     </span>
    </p>

    <p class='ocr_par' dir='ltr' id='par_1_5' title="bbox 529 3973 1581 4194">
     <span class='ocr_line' id='line_1_28' title="bbox 578 3973 1581 4077; baseline 0.007 -33"><span class='ocrx_word' id='word_1_181' title='bbox 578 3977 614 4044; x_wconf 91' lang='lat' dir='ltr'><strong>S.</strong></span> <span class='ocrx_word' id='word_1_182' title='bbox 636 3973 768 4048; x_wconf 80' lang='lat' dir='ltr'><strong>Tewini</strong></span> <span class='ocrx_word' id='word_1_183' title='bbox 787 3975 999 4076; x_wconf 89' lang='lat' dir='ltr'><strong>subprioris.</strong></span> <span class='ocrx_word' id='word_1_184' title='bbox 1027 3979 1063 4049; x_wconf 92' lang='lat' dir='ltr'><strong>S.</strong></span> <span class='ocrx_word' id='word_1_185' title='bbox 1087 3974 1257 4049; x_wconf 90' lang='lat' dir='ltr'><strong>Bernardi</strong></span> <span class='ocrx_word' id='word_1_186' title='bbox 1286 3977 1527 4077; x_wconf 71' lang='lat' dir='ltr'><strong>precentoris.</strong></span> <span class='ocrx_word' id='word_1_187' title='bbox 1545 3983 1581 4051; x_wconf 92' lang='lat' dir='ltr'><strong>S.</strong></span> 
     </span>
     <span class='ocr_line' id='line_1_29' title="bbox 529 4085 1580 4194; baseline 0.004 -34"><span class='ocrx_word' id='word_1_188' title='bbox 529 4085 702 4162; x_wconf 89' lang='lat' dir='ltr'><strong>Willelmi</strong></span> <span class='ocrx_word' id='word_1_189' title='bbox 733 4090 996 4194; x_wconf 87' lang='lat' dir='ltr'><strong>chartograpbi.</strong></span> <span class='ocrx_word' id='word_1_190' title='bbox 1031 4095 1068 4168; x_wconf 89' lang='lat' dir='ltr'><strong>S.</strong></span> <span class='ocrx_word' id='word_1_191' title='bbox 1103 4091 1272 4192; x_wconf 88' lang='lat' dir='ltr'><strong>Stephani</strong></span> <span class='ocrx_word' id='word_1_192' title='bbox 1297 4091 1519 4166; x_wconf 86' lang='lat' dir='ltr'><strong>thesaurarii.</strong></span> <span class='ocrx_word' id='word_1_193' title='bbox 1545 4095 1580 4165; x_wconf 92' lang='lat' dir='ltr'><strong>S.</strong></span> 
     </span>
    </p>
   </div>
   <div class='ocr_carea' id='block_1_3' title="bbox 528 4197 1583 4388">
    <p class='ocr_par' dir='ltr' id='par_1_6' title="bbox 528 4197 1583 4388">
     <span class='ocr_line' id='line_1_30' title="bbox 528 4197 1583 4388; baseline 0.006 -118"><span class='ocrx_word' id='word_1_194' title='bbox 528 4197 701 4388; x_wconf 57' lang='lat' dir='ltr'><strong>Gemi</strong></span> <span class='ocrx_word' id='word_1_195' title='bbox 716 4201 909 4301; x_wconf 84' lang='lat' dir='ltr'><strong>capiciarii.</strong></span> <span class='ocrx_word' id='word_1_196' title='bbox 930 4207 967 4280; x_wconf 88' lang='lat' dir='ltr'><strong>S.</strong></span> <span class='ocrx_word' id='word_1_197' title='bbox 981 4203 1153 4280; x_wconf 82' lang='lat' dir='ltr'><strong>lobannis</strong></span> <span class='ocrx_word' id='word_1_198' title='bbox 1175 4203 1376 4278; x_wconf 85' lang='lat' dir='ltr'><strong>infirmarii.</strong></span> <span class='ocrx_word' id='word_1_199' title='bbox 1389 4207 1426 4278; x_wconf 92' lang='lat' dir='ltr'><strong>S.</strong></span> <span class='ocrx_word' id='word_1_200' title='bbox 1444 4204 1583 4280; x_wconf 86' lang='lat' dir='ltr'><strong>Henrici</strong></span> 
     </span>
     <span class='ocr_line' id='line_1_31' title="bbox 529 4337 715 4387; baseline 0 0"><span class='ocrx_word' id='word_1_201' title='bbox 529 4337 571 4387; x_wconf 88' lang='lat' dir='ltr'><strong>ce</strong></span> <span class='ocrx_word' id='word_1_202' title='bbox 692 4341 715 4387; x_wconf 89' lang='grc' dir='ltr'><strong>ι.</strong></span> 
     </span>
    </p>
   </div>
   <div class='ocr_carea' id='block_1_4' title="bbox 530 4479 1581 4636">
    <p class='ocr_par' dir='ltr' id='par_1_7' title="bbox 530 4479 1581 4636">
     <span class='ocr_line' id='line_1_32' title="bbox 546 4479 1581 4634; baseline 0.006 -92"><span class='ocrx_word' id='word_1_203' title='bbox 546 4483 602 4634; x_wconf 67' lang='lat' dir='ltr'><strong>&#39;ali</strong></span> <span class='ocrx_word' id='word_1_204' title='bbox 621 4479 770 4546; x_wconf 74' lang='lat' dir='ltr'><strong>Priorrtns</strong></span> <span class='ocrx_word' id='word_1_205' title='bbox 782 4488 813 4552; x_wconf 82' lang='lat' dir='ltr'><strong>S.</strong></span> <span class='ocrx_word' id='word_1_206' title='bbox 834 4486 991 4550; x_wconf 70' lang='lat' dir='ltr'><strong>Alexandri</strong></span> <span class='ocrx_word' id='word_1_207' title='bbox 1005 4485 1144 4550; x_wconf 70' lang='lat' dir='ltr'><strong>lebraha</strong></span> <span class='ocrx_word' id='word_1_208' title='bbox 1166 4487 1197 4550; x_wconf 86' lang='lat' dir='ltr'><strong>iu</strong></span> <span class='ocrx_word' id='word_1_209' title='bbox 1213 4487 1448 4570; x_wconf 79' lang='lat' dir='ltr'><strong>Argentoratensi</strong></span> <span class='ocrx_word' id='word_1_210' title='bbox 1467 4483 1581 4548; x_wconf 72' lang='lat' dir='ltr'><strong>dioeoed</strong></span> 
     </span>
     <span class='ocr_line' id='line_1_33' title="bbox 530 4585 1019 4636; baseline 0.008 -4"><span class='ocrx_word' id='word_1_211' title='bbox 530 4592 554 4632; x_wconf 86' lang='lat' dir='ltr'><strong>u</strong></span> <span class='ocrx_word' id='word_1_212' title='bbox 611 4585 687 4636; x_wconf 79' lang='lat' dir='ltr'><strong>erat.</strong></span> <span class='ocrx_word' id='word_1_213' title='bbox 1014 4612 1019 4627; x_wconf 89' lang='lat'>·</span> 
     </span>
    </p>
   </div>
   <div class='ocr_carea' id='block_1_5' title="bbox 0 0 1876 5667">
    <p class='ocr_par' dir='ltr' id='par_1_8' title="bbox 0 0 1876 5667">
     <span class='ocr_line' id='line_1_34' title="bbox 0 0 1876 5667; baseline 0 5"><span class='ocrx_word' id='word_1_214' title='bbox 0 0 1876 5667; x_wconf 95' lang='lat' dir='ltr'><strong> </strong></span> 
     </span>
    </p>
   </div>
  </div>
 </body>
</html>
