3742 5667
508 773 565 833 rae
725 768 890 830 mutuas
910 756 1124 831 conaturus
1143 772 1193 830 na
1213 774 1346 833 succa.

509 934 529 975 a
546 904 671 993 salute,
689 906 789 978 omni
804 920 839 979 te
854 904 962 1004 potiri
977 904 1129 977 honore.
1149 908 1229 978 Non
1238 904 1452 1001 dedignetur
1466 905 1571 1003 negiae

508 1051 526 1089 a
546 1022 739 1120 majestatis
756 1022 947 1115 celsitudo,
966 1020 1067 1095 ducis
1081 1023 1277 1122 Aquitaniae
1293 1022 1477 1097 servitium
1493 1049 1571 1097 sus·

509 1139 679 1238 «cipere,
700 1140 759 1237 jus
775 1164 882 1212 suum
904 1140 939 1213 ei
963 1163 1175 1213 conservare
1194 1168 1202 1211 ι
1226 1140 1311 1237 quia
1330 1140 1422 1213 sicut
1432 1139 1571 1237 justitia

509 1284 528 1321 ιι
545 1255 652 1351 exigit
672 1255 882 1343 servitium,
911 1256 962 1327 sic
987 1270 1022 1328 et
1046 1256 1182 1353 justum
1208 1255 1314 1351 exigit
1350 1252 1567 1331 dominium.

508 1402 526 1439 α
544 1368 789 1444 Alvernensis¹
813 1395 947 1465 comes,
967 1371 1073 1472 quia'
1095 1371 1335 1445 Alverniama
1357 1396 1431 1465 me,
1459 1398 1571 1471 quam

507 1518 526 1555 α
546 1510 612 1583 ego
627 1512 649 1558 a
664 1486 767 1560 vobis
782 1486 915 1577 habeo,
933 1487 1058 1574 habet,
1077 1488 1107 1560 si
1140 1487 1230 1587 quid
1253 1489 1447 1581 commisit,
1465 1490 1572 1563 curiae

508 1617 672 1677 «vestrae
699 1619 820 1679 vestro
844 1604 964 1677 habeo
997 1604 1152 1703 imperio
1189 1618 1458 1704 representare.
1492 1610 1573 1680 Hoc

509 1748 528 1787 α
548 1745 737 1820 nunquam
753 1721 1021 1821 prohibuimus,
1035 1720 1107 1793 hoe
1121 1723 1229 1795 etiam
1245 1720 1358 1795 modo
1369 1722 1570 1815 offerimus,

510 1867 528 1905 α
545 1853 582 1911 et
596 1854 637 1911 ut
653 1838 850 1938 suscipiatis
864 1838 1071 1937 suppliciter
1087 1837 1335 1936 efflagitamus.
1350 1842 1449 1913 Etue
1462 1865 1573 1941 super

511 1955 603 2028 «his
628 1956 806 2030 celsitudo
828 1970 947 2028 vestra
971 1954 1138 2029 dubitare
1170 1956 1350 2054 dignetur,
1379 1957 1516 2030 multos
1536 1974 1572 2030 et

508 2101 527 2138 α
547 2071 764 2146 sufficientes
789 2072 935 2146 obsides
954 2072 1042 2145 dare
1061 2074 1227 2171 paratos⁸
1245 2072 1434 2146 habemus.
1461 2074 1499 2145 Si
1521 2074 1574 2145 sic

508 2218 526 2255 α
539 2186 779 2286 judicaverint
791 2190 890 2286 regui
906 2190 1114 2289 optimates,
1128 2189 1191 2262 fiat
1206 2217 1216 2282 3
1233 2190 1287 2262 sin
1304 2186 1420 2280 aliter,
1434 2189 1569 2262 sicut.»

503 2306 618 2403 Super
632 2305 706 2377 his⁴
715 2306 822 2403 igitur
829 2331 892 2379 rex
907 2330 993 2378 eum
1004 2306 1240 2406 optimatibus
1251 2307 1351 2402 regni
1364 2305 1571 2397 consulens,

504 2419 662 2494 dictante
685 2422 837 2521 justitia,
856 2421 981 2516 fidem,
997 2424 1258 2521 juramentum,
1277 2422 1447 2495 obsidum
1469 2422 1573 2495 suffr·

502 2539 669 2611 cientiam
685 2539 843 2637 suscipit,
869 2560 997 2637 pacem
1018 2540 1142 2639 patriae
1165 2550 1201 2614 et
1219 2537 1374 2611 ecclesiae
1398 2540 1570 2633 restituit,

502 2653 598 2727 diem
628 2658 721 2730 inter
748 2682 810 2729 eos
837 2669 1013 2756 praesente
1045 2654 1138 2729 duce
1174 2655 1373 2754 Aquitaniae
1403 2655 1571 2754 agendis,

502 2772 713 2862 Aurelianis,
732 2771 833 2871 quod
857 2773 930 2844 huc
949 2796 1063 2871 usque
1081 2786 1292 2867 renuerant,
1311 2772 1447 2867 statuit,
1471 2797 1573 2845 exer-

499 2888 686 2988 citumque
702 2887 856 2985 gloriose
880 2889 1069 2983 reducens,
1099 2889 1137 2961 in
1162 2888 1348 2962 Franciam
1374 2890 1489 2963 victor
1511 2915 1572 2963 re-

500 3006 635 3078 meavit
644 3007 666 3075 ⁸.

548 3126 672 3196 XXIX.
693 3122 839 3218 Egregie
864 3121 1012 3215 lactum,
1030 3145 1105 3221 quo
1124 3120 1282 3196 nobilius
1297 3122 1344 3196 ab
1366 3122 1572 3196 adolescen-

500 3236 550 3309 tia
559 3239 570 3275 ⁸
580 3260 694 3336 usque
706 3237 752 3310 ad
764 3238 845 3310 ritae
854 3238 1008 3310 limitem
1017 3237 1162 3310 nullum
1174 3241 1406 3339 perpetravit,
1421 3238 1572 3311 vitando

505 3349 705 3445 fastidium,
723 3378 807 3425 cum
823 3353 939 3427 multa
955 3368 1069 3450 egeat,
1086 3353 1187 3427 brevi
1208 3357 1415 3431 narratione
1427 3380 1570 3428 memo-

503 3492 596 3560 rare,
629 3494 703 3541 non
737 3469 924 3568 quomodo
954 3468 1018 3542 sed
1052 3469 1141 3567 quid
1174 3471 1298 3545 lecerit
1315 3472 1568 3569 significantes,

501 3586 767 3682 proposuimus.
799 3591 968 3658 Famosus
989 3610 1112 3658 eomes
1136 3588 1194 3659 vir
1217 3590 1485 3686 potentissimus
1504 3591 1573 3659 Ca-

502 3700 630 3793 rolus²,
644 3700 690 3774 de
705 3702 814 3775 amita
832 3703 971 3776 domini
987 3704 1079 3799 regis
1096 3704 1282 3798 Ludovici,
1303 3710 1491 3780 Danorum
1508 3731 1569 3779 re-

535 3941 565 3999 l.
581 3944 747 3999 Avemensis
758 3944 881 4001 543.-
893 3945 924 4005 2.
939 3948 998 4021 Qui
1011 3944 1121 4004 tatto.
1136 3950 1140 3957 '

536 4034 565 4091 3.
578 4038 662 4092 Dare
668 4041 772 4110 parati
784 4055 881 4093 sumus
893 4049 922 4093 et
933 4050 1055 4112 parerem
1071 4034 1216 4116 habemus,
1228 4037 1307 4117 apud
1323 4035 1443 4098 Freher.

533 4128 563 4185 l.
578 4126 655 4186 Talis
666 4140 710 4187 est
724 4128 921 4208 interpunctio
939 4128 1084 4191 codicum.
1113 4131 1199 4190 Forte
1215 4130 1373 4213 legendum
1390 4136 1464 4190 sicut
1480 4150 1571 4209 super

495 4220 541 4277 ln's
548 4220 728 4301 judicabunt,
743 4235 774 4282 ut
786 4221 874 4281 habet
884 4222 1008 4284 Freber.

536 4318 566 4375 5.
581 4316 712 4375 Secunda
726 4316 801 4394 regis
812 4314 954 4376 Ludovici
973 4318 1073 4378 Grossi
1088 4318 1236 4401 expeditio
1255 4320 1286 4380 in
1305 4318 1473 4380 Alterniam
1487 4340 1565 4380 anno

495 4409 573 4467 1126
585 4407 693 4468 directa
704 4423 758 4472 est.
767 4444 807 4456 —
817 4412 847 4469 6.
861 4416 920 4473 Sua
934 4410 1044 4471 addunt
1055 4411 1123 4477 edd.

536 4507 565 4563 7.
588 4503 709 4563 Carolus
730 4507 743 4563 1
766 4508 880 4584 Bonus,
903 4504 980 4587 regis
1008 4506 1110 4567 Canuti
1141 4507 1232 4569 sancti
1257 4508 1349 4583 filius,
1380 4509 1564 4571 Flandrcnsis
