3742 5667
733 877 910 936 cunutus,
1293 885 1351 941 355

296 1024 549 1108 reposuerunt.
571 1013 718 1102 Verum,
744 1010 916 1106 quoniam
937 1007 993 1082 hae
1014 1011 1104 1083 tanti
1129 1013 1354 1111 imperatoris

295 1126 568 1226 praeceptiones,
598 1125 682 1198 licet
709 1124 961 1199 aurobullatis
986 1128 1092 1200 cartis
1119 1129 1351 1223 sancirentur,

295 1244 423 1316 aemula
440 1242 590 1339 longaevi
604 1242 776 1342 temporis
791 1244 961 1316 varietate
976 1243 1140 1339 quaedam
1152 1261 1352 1345 tepuerant,

296 1359 461 1458 quaedam
478 1359 627 1433 omnino
639 1358 854 1452 defecerant,
872 1384 940 1432 nos
953 1360 1002 1433 ob
1015 1387 1177 1435 amorem
1188 1378 1226 1436 et
1242 1363 1356 1438 hono·

296 1502 374 1548 rem
394 1476 462 1547 Dei
481 1491 518 1548 et
537 1491 740 1549 sanctarum
755 1475 998 1574 reliquiarum,
1013 1501 1081 1550 nec
1099 1480 1219 1552 minus
1237 1479 1283 1552 ad
1302 1506 1355 1555 re·

296 1592 459 1665 medium
473 1593 600 1666 animoe
621 1592 747 1666 domni
767 1607 804 1666 et
822 1593 1036 1666 serenissimi
1058 1596 1196 1690 augusti
1218 1595 1352 1686 Karoli,

295 1711 563 1783 communicato
582 1734 666 1781 cum
689 1708 858 1783 fratribus
877 1710 1010 1783 nostris
1025 1711 1188 1803 consilio,
1211 1737 1269 1784 eas
1285 1737 1356 1786 sus-

296 1827 405 1899 citare
427 1842 464 1900 et
486 1826 679 1900 reformare
703 1824 860 1898 studiose
882 1825 1139 1920 laboravimus;
1166 1827 1356 1902 luminaria

297 1959 435 2042 septem
455 1943 704 2042 lampadarum
728 1968 806 2041 quse
828 1941 1055 2041 deperierant
1077 1945 1209 2042 jugiter
1231 1943 1356 2018 ardere

297 2059 545 2152 decrevimus3
561 2059 742 2159 decrepita
760 2084 844 2132 vasa
858 2059 1016 2158 ipsarum
1035 2059 1283 2159 lampadarum
1299 2087 1356 2134 ar·

296 2193 423 2272 gentea
445 2178 594 2250 honeste
618 2177 855 2270 restituimus;
896 2201 1041 2252 cereum
1066 2176 1201 2250 ibidem
1227 2179 1358 2276 jugiter

296 2293 485 2368 ardentem
500 2295 551 2366 illi
573 2295 637 2394 qui
651 2294 749 2367 solus
770 2309 853 2367 ante
870 2292 982 2366 altare
1001 2293 1096 2366 beati
1119 2296 1280 2392 Dionysii
1297 2321 1355 2368 ar·

296 2407 418 2503 debat,
438 2425 479 2482 ut
496 2410 741 2484 indeficienter
753 2410 828 2484 duo
841 2409 1003 2503 ardeant,
1025 2411 1354 2511 concopulavimus,

295 2526 604 2624 quemadmodum
617 2528 693 2625 jam
705 2542 787 2599 ante
799 2527 875 2625 ipsa
886 2531 1101 2600 Sanctorum
1113 2551 1265 2626 corpora
1282 2527 1357 2600 duo

291 2642 426 2738 jugiter
441 2642 565 2715 ardere
580 2643 847 2735 constituimus;
867 2644 1011 2740 singulis
1026 2641 1222 2734 mensibus,
1242 2642 1358 2743 pridie

295 2781 410 2830 nonas
445 2759 674 2830 anniversarii
712 2759 787 2855 ejus
822 2759 972 2856 exequia
1016 2759 1122 2832 solito
1163 2758 1357 2834 solemnius

295 2873 470 2946 celebrari
485 2874 686 2946 firmissime
698 2874 1036 2967 determinavimus;
1047 2876 1279 2949 relectionem
1287 2875 1358 2946 his-

297 2989 379 3062 dem
398 2990 525 3064 diebus
543 2992 580 3063 in
600 2991 791 3065 refectorio
812 2990 1106 3088 irrefragabiliter
1121 2993 1353 3066 restituimus.

298 3110 345 3178 Ut
359 3122 480 3179 autem
494 3122 530 3180 et
542 3107 722 3204 continuis
734 3106 972 3180 luminaribus
991 3121 1027 3179 et
1042 3107 1284 3180 determinatis
1297 3131 1353 3178 re·

298 3222 511 3296 lectionibus
527 3223 773 3296 convenientia
790 3222 911 3295 deesse
928 3248 1002 3296 non
1021 3223 1160 3296 valeant
1173 3223 1354 3315 alimenta,

296 3338 341 3411 de
361 3339 565 3437 supradicta
587 3340 673 3411 villa
690 3339 831 3431 Ruoilo,
853 3363 964 3436 quam
983 3340 1040 3411 his
1058 3339 1226 3440 apposuit
1249 3353 1354 3410 testa-

295 3470 431 3547 mento,
450 3454 575 3528 decem
586 3453 746 3527 librasin
760 3454 898 3527 octabis
913 3453 1009 3526 beati
1037 3456 1200 3553 Dionysii
1223 3454 1356 3528 assumi

295 3570 546 3642 inviolabiliter
574 3571 841 3666 assignavimus.
876 3570 1072 3670 Capiciario
1103 3571 1256 3644 sacristae
1290 3594 1356 3668 per

295 3712 444 3759 manum
459 3688 618 3784 magistri
629 3687 758 3786 prioris
778 3686 855 3757 dari
868 3686 1101 3778 instituimus,
1120 3687 1183 3784 qui
1199 3702 1235 3758 et
1250 3685 1356 3757 lumi-

296 3803 442 3876 naribus
454 3803 578 3876 olenm
591 3827 787 3902 preparare
797 3802 999 3902 provideat,
1016 3818 1053 3875 et
1064 3803 1294 3901 exequiarum
1306 3828 1357 3874 re·

296 3919 510 3993 lectionibus
520 3920 667 4015 singulis
675 3917 1357 3992 mensibusdecemsolidosincessanter

296 4034 555 4108 subministret.
577 4036 677 4124 Quid
698 4050 752 4108 est
768 4036 865 4107 enirn
884 4034 986 4131 quod
1007 4048 1128 4111 tantus
1148 4035 1353 4134 imperator,

296 4167 414 4224 ettam
427 4153 625 4245 familiaris,
640 4167 676 4226 et
687 4150 928 4252 praecordialis
941 4151 1037 4224 beati
1049 4152 1209 4251 Dionysii
1222 4153 1357 4224 amicus

295 4272 490 4367 promereri
504 4294 578 4344 non
595 4269 722 4360 valeat,
740 4270 805 4368 qui
829 4269 906 4367 ejus
924 4268 1108 4342 ecclesiam
1127 4284 1181 4342 tot
1201 4283 1237 4340 et
1250 4269 1358 4340 tantis

295 4386 577 4483 possessionibus
612 4384 828 4479 nobilitavit,
858 4399 916 4457 tot
945 4386 1022 4458 auri
1055 4402 1090 4458 et
1120 4387 1358 4485 pretiosarum

297 4527 517 4598 gemmanrm
536 4505 756 4578 ornamentis
772 4501 983 4594 declaravit,
1001 4504 1147 4602 insuper
1168 4499 1214 4574 ad
1231 4527 1358 4574 cumu-

298 4618 372 4693 lum
387 4622 551 4699 omnium
561 4620 744 4696 bonorum
753 4619 952 4718 insignibus
966 4619 1163 4693 Dominioae
1172 4619 1356 4718 passionis,
