3742 5667
595 791 656 850 VIE
676 791 726 848 DE
746 789 857 849 LOUlS
877 791 925 848 LE
944 789 1053 848 GROS.
1316 791 1353 846 tlt

294 923 401 1012 tium,
419 935 494 994 tam
505 920 690 994 blanditiis
704 947 813 1020 quam
828 922 949 1013 minis,
974 946 995 994 a
1017 926 1157 1019 Pagano
1173 921 1219 994 de
1235 922 1356 996 Gisor·

295 1040 346 1112 tio
360 1063 447 1112 eum
463 1054 676 1137 extorquere
689 1039 837 1136 contigit
852 1066 862 1130 ;
885 1053 1042 1113 castrum
1060 1037 1353 1130 munitissimum,

294 1157 364 1230 situ
378 1155 451 1228 loci
465 1154 777 1254 compendiosum,
790 1152 889 1253 quod
899 1154 947 1228 ad
957 1168 1150 1252 utrumque
1162 1154 1356 1226 terminum

293 1277 518 1344 Francorum
539 1285 576 1343 et
600 1275 902 1359 Nonnanuorum,
933 1270 1044 1344 fluvio
1072 1284 1176 1366 gmtae
1193 1269 1356 1367 piscium

295 1385 551 1478 iocunditatis,
574 1387 636 1485 qui
659 1385 790 1460 dicitur
808 1391 886 1460 Etta
902 1392 924 1477 ¹,
949 1385 1187 1478 interfluente,
1211 1385 1358 1484 antiquo

296 1504 380 1576 lune
394 1503 641 1600 geometricali
652 1507 870 1577 Francorum
884 1519 920 1578 et
930 1507 1119 1576 Danorum
1133 1501 1359 1576 concorditer
1471 1540 1477 1557 ·

298 1621 438 1712 metito,
457 1619 660 1711 collimitat,
678 1618 725 1692 ad
740 1619 953 1692 irruendum
968 1620 1004 1691 in
1020 1620 1202 1691 Franciam
1220 1635 1358 1714 gratum

299 1739 514 1812 llormannis
552 1737 717 1837 praebens
753 1761 948 1825 accessum,
978 1736 1120 1809 Francis
1147 1734 1355 1835 prohibens.

299 1854 405 1946 Quod
424 1856 455 1928 si
470 1853 620 1928 facultas
642 1853 800 1927 habendi
818 1869 1036 1954 suppeteret,
1063 1877 1130 1926 nec
1157 1852 1276 1926 minus
1298 1877 1361 1924 rex

300 1976 518 2046 Francorum
544 1996 628 2068 rege
652 1970 862 2068 Anglorum,
881 1971 956 2070 ipsa
977 1969 1047 2044 loci
1067 1984 1103 2043 et
1124 1968 1361 2041 immunitatis

301 2087 580 2188 opportunitate,
609 2089 690 2185 jure
714 2088 815 2184 regni
842 2102 1009 2186 appetere
1031 2083 1221 2158 debuisset.
1249 2083 1362 2181 Hujus

301 2204 419 2302 itaque
432 2204 600 2302 repetitio
619 2204 725 2276 castri
741 2204 834 2276 inter
853 2217 1048 2302 utrumque
1063 2224 1184 2298 regem
1201 2198 1361 2273 subitum

302 2319 373 2394 odii
390 2318 559 2394 fomitem
576 2319 804 2393 ministrarit.
824 2318 927 2392 Unde
949 2343 1012 2391 rex
1032 2321 1263 2407 Francorum,
1278 2342 1361 2390 curn

303 2435 348 2510 ad
360 2459 448 2508 eum
467 2459 536 2534 pro
552 2434 756 2508 redditione
771 2448 833 2507 aut
845 2459 912 2534 pro
930 2433 1035 2506 castri
1052 2431 1282 2505 subversione
1299 2431 1364 2502 mi·

303 2555 413 2641 sisset,
432 2575 501 2624 nec
513 2550 734 2651 profecisset,
753 2567 876 2625 notam
894 2550 991 2649 rupti
1006 2549 1151 2622 foederis
1162 2571 1361 2648 opponens,

306 2667 400 2743 diem
415 2666 545 2764 agendi
558 2667 694 2758 statuit,
716 2665 838 2740 locum
856 2666 1022 2763 assignat.

352 2782 631 2856 Accumulautur
660 2781 824 2874 interim,
854 2782 960 2855 utin
985 2779 1117 2854 talibus
1146 2778 1222 2853 fieri
1249 2779 1363 2871 solet,

306 2899 519 2972 aemulorum
533 2896 734 2972 maledictis
754 2899 903 2971 excitata
918 2896 1000 2970 odia
1021 2921 1159 2993 regum,
1186 2921 1253 2969 neo
1276 2895 1365 2968 dum
1477 2959 1482 2967 .

306 3015 388 3088 licet
409 3029 586 3113 pacantur
618 3041 627 3087 ι
664 3014 850 3112 quomodo
878 3013 923 3086 ad
958 3012 1180 3112 colloquium
1212 3011 1366 3110 superbe

309 3143 343 3204 et
358 3154 462 3202 exose
482 3128 551 3202 sibi
573 3143 782 3220 occurrant,
805 3129 916 3201 vires²
943 3127 1114 3200 militares
1143 3112 1363 3225 exaggerant.

310 3245 469 3320 Collectis
482 3247 589 3343 igitur
597 3269 725 3343 magna
742 3269 784 3318 ex
792 3261 893 3344 parte
899 3250 1119 3318 Francorum
1128 3245 1227 3340 regni
1238 3268 1366 3342 proce·

311 3361 420 3454 ribus,
437 3359 604 3434 uidelicet
621 3361 777 3434 Roberto
792 3360 998 3434 Flandrcnsi
1017 3361 1160 3447 comite,
1180 3384 1263 3433 cum
1278 3385 1366 3458 qua·

315 3493 393 3550 tuor
408 3477 519 3550 lerme
537 3475 697 3550 millibus
708 3477 878 3567 militum,
897 3476 1029 3549 comite
1047 3474 1255 3549 Theobaldo
1270 3475 1368 3575 pala-

313 3592 399 3685 tino,
419 3593 552 3666 comite
569 3594 798 3684 Nivcrneuse,
820 3593 912 3666 duce
934 3591 1259 3688 Burgundionum',
1285 3617 1368 3665 cum

312 3707 386 3781 aliis
412 3708 711 3808 quamplurimis,
742 3709 862 3784 multis
892 3709 1001 3782 etiam
1030 3707 1304 3808 archiepiscopis
1334 3724 1371 3782 et

314 3823 495 3924 episcopis,
512 3847 578 3924 per
594 3837 727 3899 terram
749 3823 992 3899 Melluntens'is
1015 3825 1185 3916 comitis⁸,
1206 3824 1289 3922 quia
1305 3821 1371 3898 ad·

358 4050 384 4108 l.
396 4049 474 4110 retia
488 4051 580 4112 6265.
594 4081 635 4098 -
648 4053 679 4111 2.
697 4056 779 4110 Viros
794 4053 865 4123 13³,
883 4053 996 4112 turso.

360 4143 385 4201 3.
404 4139 449 4201 Sic
476 4143 555 4204 6265
579 4153 611 4202 et
629 4143 698 4207 edd.
713 4175 755 4190 -
773 4147 1001 4222 Burgundiorum
1017 4140 1146 4220 quinque
1167 4140 1272 4220 reliqui
1284 4139 1371 4206 codd.

322 4265 359 4280 -
371 4231 406 4294 lli
426 4248 516 4295 sunt:
539 4235 681 4296 llobertus
707 4239 746 4309 ll,
773 4236 1068 4315 Hierosolymitanus,
1089 4247 1186 4294 domes
1205 4235 1371 4310 Flandriae3

322 4325 496 4387 umbaldus
506 4331 557 4400 IV,
573 4333 701 4408 Magnus,
718 4328 878 4409 Campaniae
888 4349 1002 4401 comes;
1012 4327 1374 4400 GuillelmusILAutissio-

323 4419 444 4481 dorensis
454 4434 484 4481 et
496 4421 681 4481 Niremcnsis
693 4441 802 4496 comes;
816 4426 900 4501 Hugo
911 4427 950 4495 ll,
961 4421 1113 4496 Pacilicus,
1121 4420 1371 4501 duxBurgundiae.

363 4518 390 4578 l.
403 4513 520 4574 lloberti
535 4517 589 4579 lll.
604 4547 644 4562 -·
656 4519 776 4578 Meulau
791 4515 1045 4599 (διέκοψε-θέω).
