3742 5667
759 835 933 897 Lamnus,
1313 839 1366 899 26¹

310 984 381 1041 stat
401 969 563 1068 profecto
583 968 666 1066 quia
684 967 745 1065 qui
770 967 870 1040 alteri
894 967 1061 1067 providet
1078 968 1177 1041 alteri
1200 970 1369 1067 suffraga-

309 1100 392 1175 tur3
425 1086 598 1182 quoniam
625 1099 662 1155 et
689 1085 882 1183 temporale
908 1108 1059 1183 regnum
1084 1109 1149 1183 per
1178 1085 1370 1161 Ecclesiam
1435 1131 1443 1147 ·

310 1201 379 1273 Dei
404 1215 513 1291 stare,
540 1214 577 1272 et
601 1198 793 1272 Ecclesiam
819 1200 885 1272 Dei
909 1224 973 1299 per
999 1199 1195 1299 temporale
1224 1226 1372 1297 regnum

309 1317 507 1416 prolicere,
539 1316 709 1391 omnibus
746 1317 907 1389 discretis
943 1316 1129 1388 evidenter
1159 1318 1369 1391 ostenditur.

311 1438 523 1534 Eapropter,
532 1434 629 1531 quia,
643 1432 815 1505 carissimi
830 1432 968 1507 domini
983 1432 1097 1504 nostri
1111 1433 1204 1529 regis
1217 1438 1372 1506 Franco-

310 1574 394 1621 rum
412 1548 582 1621 Ludovici
603 1549 707 1645 longa
728 1547 1024 1647 peregrinationis
1039 1547 1214 1640 absentia,
1230 1574 1374 1648 perver-

311 1688 435 1736 sorum
455 1664 804 1760 tergiversationibus
818 1678 854 1736 et
868 1663 1039 1736 molestiis
1052 1688 1202 1760 regnum
1221 1667 1374 1761 graviter

312 1782 450 1853 moveri
462 1779 637 1867 videmus,
654 1794 689 1851 et
709 1804 791 1852 cum
807 1804 916 1875 regno
935 1780 1125 1852 Ecclesiam
1146 1781 1213 1852 nei
1235 1782 1373 1876 gravius

311 1895 449 1969 turbari
474 1895 722 1989 formidamus,
739 1910 775 1967 et
799 1896 871 1966 cito
898 1894 1062 1967 consulto
1085 1920 1176 1994 opus
1195 1910 1270 1986 est;
1296 1911 1372 1967 tan-

311 2036 421 2111 quam
439 2012 634 2109 pretiosam
651 2011 696 2084 de
712 2012 827 2109 capite
843 2035 986 2083 coronae
1000 2012 1097 2107 regni
1116 2035 1296 2107 gemmam
1311 2038 1373 2085 vos

312 2127 557 2219 obsecramus,
571 2128 774 2223 invitamus,
791 2143 825 2200 et
846 2152 911 2226 per
930 2151 1025 2218 eam,
1043 2152 1122 2225 quae
1142 2129 1237 2200 inter
1252 2152 1319 2200 nos
1337 2144 1373 2203 et

312 2270 375 2317 vos
388 2260 441 2318 est
457 2244 624 2337 invicem,
641 2244 752 2318 fidem
768 2259 924 2317 vestram
941 2259 1047 2342 atque
1061 2259 1235 2334 nostram,
1246 2261 1281 2317 et
1292 2249 1373 2344 qua¹

311 2386 421 2456 regno
436 2362 600 2434 astrictus
620 2362 716 2452 estis,
738 2386 801 2432 vos
817 2359 1078 2432 submonemus
1093 2362 1261 2458 quatinus
1286 2386 1371 2433 cum

309 2477 540 2574 suffraganeis
554 2478 692 2568 vestris,
705 2477 885 2551 dominica
894 2475 1115 2575 precedente
1130 2479 1368 2574 Rogationes¹,

308 2594 505 2666 suessionis
519 2592 708 2666 nobiscum
723 2594 955 2666 conveniatis,
973 2594 1258 2666 Convocavimus
1270 2594 1368 2664 enim

310 2710 440 2783 eodem
463 2709 617 2783 termino
640 2725 677 2782 et
698 2710 778 2781 loco
802 2709 1089 2808 archiepiscopos
1110 2724 1146 2781 et
1166 2710 1368 2809 episcopos,

310 2841 415 2923 atque
428 2826 574 2899 altiores
589 2827 687 2920 regni
702 2824 906 2922 optimates,
922 2839 961 2898 ut
977 2824 1178 2897 secundum
1193 2825 1372 2897 fidelitatis

310 2958 439 3015 nostrae
453 2957 488 3014 et
507 2941 717 3014 sacramenti
729 2941 1001 3039 professionem,
1015 2965 1086 3038 qua
1099 2966 1211 3037 regno
1225 2941 1371 3039 obligati

310 3082 447 3145 sumus,
466 3081 577 3154 regno
596 3071 633 3128 et
653 3055 815 3128 acelesiae
833 3056 900 3128 Dei
921 3056 1082 3129 consulte
1103 3057 1368 3155 provideamus,

310 3189 343 3245 et
366 3174 459 3246 alter
480 3174 623 3246 alterius
650 3197 742 3245 onus
761 3173 916 3245 invicem
943 3171 1208 3271 subportemus,
1236 3189 1273 3245 et
1298 3198 1367 3273 pro

309 3288 420 3362 domo
437 3290 548 3362 Israel
568 3314 713 3361 murum
726 3314 792 3361 nos
810 3313 1059 3387 opponamus:
1080 3288 1177 3386 quia,
1196 3291 1225 3361 si
1244 3290 1290 3362 de
1308 3290 1368 3364 illa

309 3420 516 3479 constanter
534 3404 652 3505 [nonl'
665 3406 897 3503 reperiamur,
915 3404 962 3476 de
978 3429 1049 3501 qua
1063 3404 1191 3501 legitur
1206 3406 1367 3478 Multitu-

308 3518 404 3591 dinis
419 3520 638 3593 credentium
653 3536 733 3592 erae
745 3546 807 3591 cor
823 3545 931 3591 unum
948 3537 983 3591 et
996 3522 1119 3590 onium
1133 3523 1234 3606 uod,
1254 3535 1291 3591 et
1302 3525 1368 3591 Ec-

308 3636 414 3709 clesia
426 3638 492 3709 Dei
507 3636 777 3735 periclitabitur,
792 3653 829 3710 et
839 3662 986 3737 reguum
1000 3640 1039 3707 in
1049 3641 1203 3733 seaepsum
1216 3634 1366 3709 divisum

310 3754 460 3825 omnino
472 3752 714 3825 desolabitur.

350 4012 378 4069 1.
393 4014 431 4069 Et
442 4028 510 4084 qua.
523 4006 569 4067 Sic
583 4004 654 4067 edit.
668 4004 842 4065 Chesniana.
857 4040 896 4050 —
908 4010 943 4063 lu
955 4027 1013 4082 qua
1027 4004 1097 4065 edit.
1109 4003 1257 4065 Benedict.

350 4104 380 4161 2.
393 4105 464 4175 Quae
477 4099 620 4159 dominica
633 4098 764 4176 contigit,
777 4116 853 4157 anno
865 4101 955 4170 itt-9,
967 4098 1048 4157 die·8
1061 4097 1140 4160 maii.

350 4198 379 4254 3.
399 4200 462 4255 Non
478 4194 554 4255 inter
570 4193 691 4253 uncinos
704 4192 840 4271 supplent
859 4191 1002 4251 Benedict.
1012 4198 1107 4263 -Sr,
1119 4191 1229 4270 absque
1243 4187 1366 4249 ulteribs

312 4288 442 4368 negativa
455 4308 540 4361 voce,
553 4288 583 4347 in
595 4287 665 4347 edit.
678 4276 803 4347 chesnii.

351 4386 377 4442 ιἰ.
394 4388 459 4443 Act.
474 4395 583 4461 apost,
596 4402 636 4454 ιν,
652 4384 703 4441 31.

352 4482 380 4535 5.
392 4481 477 4535 Lucae
487 4480 611 4551 Evang.,
624 4496 666 4550 ιι,
681 4479 730 4534 ll.
744 4508 784 4520 -
798 4478 842 4531 Ex
858 4472 978 4549 Chesn.,
992 4477 1042 4547 tv,
1053 4477 1122 4535 518.
1138 4506 1177 4518 -
1188 4479 1255 4534 Iler.
1266 4476 1361 4551 gallic.

314 4575 452 4645 scriptor„
466 4570 532 4641 XV,
550 4570 619 4627 stt.
634 4599 672 4613 -
683 4566 755 4625 Vide
773 4566 918 4627 samsonis
942 4586 1121 4645 responsum,
1136 4564 1167 4625 in
1185 4566 1287 4652 eudem
1301 4565 1364 4624 col-
