3742 5667
480 694 539 757 2116
699 689 863 749 OEUVRES
884 687 1099 749 comburas
1120 688 1171 746 DE
1192 688 1327 749 SUGER.

587 1036 624 1082 V·
653 1036 700 1083 tn
719 1035 898 1091 ULGBRIUM
915 1032 1196 1083 annmtmtsmt
1211 1032 1421 1085 netscorun.

480 1302 584 1375 Suger,
595 1318 633 1357 au
647 1318 709 1355 nom
724 1300 763 1355 du
779 1302 823 1354 roi
838 1296 938 1355 absent
954 1310 982 1355 et
997 1317 1060 1354 sous
1079 1300 1110 1353 la
1127 1300 1235 1354 re'sem
1248 1298 1285 1353 de
1304 1317 1349 1353 ses
1365 1299 1467 1369 ἀνοία,
1488 1316 1544 1373 op-

515 1410 620 1467 prouve
637 1388 776 1445 l'election
790 1391 828 1445 de
840 1386 935 1446 l'abbe‘
947 1390 984 1444 de
1002 1390 1163 1465 Bonrgueil,
1181 1388 1256 1463 faite
1266 1409 1324 1462 par
1339 1390 1381 1445 les
1395 1390 1544 1465 religieux

520 1486 557 1539 de
570 1503 602 1540 ce
614 1482 780 1543 nwnastere.

958 1641 1063 1725 (sats)

531 1857 689 1930 Domino
714 1856 992 1946 etvenerabili,
1020 1857 1085 1928 Dei
1111 1856 1241 1952 gratia,
1266 1852 1545 1951 Andegnvorum

483 1973 651 2071 episcopo
685 1971 850 2068 Ulgerio,
884 1972 1073 2067 sugerius,
1110 1971 1237 2043 eadem
1270 1970 1408 2066 gratia,
1445 1968 1546 2042 Beati

482 2087 644 2183 Dionysii
666 2086 791 2178 abbas,
818 2087 964 2160 devotas
991 2089 1027 2158 in
1053 2085 1195 2157 Cluisto
1211 2087 1391 2159 orationes
1411 2101 1448 2159 et
1470 2085 1544 2157 sin·

483 2226 571 2274 ccrae
587 2202 787 2275 devotionis
802 2200 1028 2299 obsequium.

532 2326 710 2424 Susceptis
740 2326 1018 2421 gratissimarum
1045 2326 1232 2399 literarum
1256 2341 1456 2400 vestrarum
1481 2353 1545 2400 ve·

484 2450 650 2521 necandis
666 2448 840 2549 apicibus,
857 2451 1090 2548 usqueadeo,
1109 2451 1175 2522 etsi
1191 2450 1354 2523 duriores
1369 2476 1543 2543 essemus,

484 2591 551 2639 nos
572 2566 714 2639 deflecti
731 2568 903 2665 oportuit,
922 2584 963 2641 ut
983 2566 1147 2640 debitum
1168 2568 1291 2663 regni,
1312 2569 1371 2639 cui
1389 2566 1546 2640 fideliter

485 2682 662 2755 deservire
679 2682 857 2773 volumus,
875 2708 967 2780 pene
983 2683 1156 2755 oblivioni
1174 2682 1410 2771 traderemus,
1429 2700 1466 2756 et
1480 2681 1546 2755 be·

484 2799 662 2896 neplacito
686 2813 804 2869 vestro
829 2824 954 2870 aurem
978 2799 1346 2872 accommodaremus.
1379 2798 1548 2871 Nolentes

485 2913 593 3008 igitur
613 2912 795 2985 ecclesiam
813 2916 1080 3009 burguliensem
1103 2913 1237 2987 diutius
1258 2913 1456 3010 defatigari,
1481 2940 1547 2987 nec

485 3030 588 3124 regiae
611 3030 800 3126 majestatis
826 3030 1033 3126 dignitatem
1060 3031 1225 3122 diminui,
1245 3057 1358 3105 unum
1382 3028 1547 3103 iaciendo

407 3200 410 3207 .
487 3158 522 3215 et
546 3144 697 3216 alterum
717 3144 931 3231 omittend0,
959 3171 1082 3218 amore
1109 3147 1173 3217 Dei
1197 3161 1233 3218 et
1257 3170 1366 3245 prece
1393 3153 1545 3236 vestra¹,

486 3283 593 3355 quem
619 3258 772 3331 multum
801 3260 993 3355 diligimus,
1023 3277 1058 3333 et
1089 3262 1323 3357 burguliensis
1347 3276 1548 3333 conventus

487 3372 816 3473 supplicationibus,
834 3375 1000 3448 electioni
1019 3402 1144 3448 eorum
1161 3402 1356 3468 assensum,
1375 3378 1475 3450 salvo
1491 3402 1546 3449 re-

491 3486 550 3580 gni
559 3484 654 3582 jure,
668 3486 784 3558 taliter
797 3487 976 3575 dedimus,
993 3504 1046 3580 ut,
1058 3490 1087 3560 si
1103 3489 1192 3586 quid
1208 3489 1292 3562 lude
1305 3505 1430 3561 contra
1443 3490 1548 3585 regiae

489 3599 677 3696 majestatis
709 3602 826 3673 minus
859 3602 951 3675 bene
979 3604 1111 3675 factum
1143 3604 1235 3694 fuit,
1268 3605 1416 3677 domino
1447 3605 1545 3700 regi,

488 3715 633 3812 quando
650 3718 727 3787 Deo
754 3718 896 3791 volente
914 3718 1073 3811 redierit,
1093 3720 1185 3792 sicut
1208 3720 1320 3792 modo
1345 3722 1373 3792 si
1392 3719 1546 3809 adesset,

488 3829 516 3900 si
542 3831 574 3903 ei
598 3830 783 3929 placuerit,
808 3833 946 3929 judicio
970 3836 1074 3906 curiae
1099 3860 1171 3907 suae
1206 3835 1459 3936 respondeant,
1493 3832 1549 3906 vel

490 4139 549 4187 tnm
572 4147 622 4187 rex
643 4129 784 4207 Rogerins
798 4129 951 4210 Sugerium
972 4130 1104 4207 coluerit,
1125 4130 1190 4189 vide
1210 4133 1288 4211 apud
1304 4132 1340 4195 ir.
1356 4131 1547 4207 Willelmum,

487 4221 559 4280 Vitae
579 4221 692 4301 Sugerii
713 4237 872 4295 auctorem,
896 4222 947 4281 lib.
967 4228 991 4301 1,
1014 4236 1043 4282 et
1062 4224 1193 4283 Odonem
1213 4226 1250 4283 de
1270 4224 1398 4305 Diogilo,
1419 4222 1473 4286 lib.
1495 4228 1545 4307 tv,

489 4335 518 4394 p.
537 4318 586 4378 46.

531 4412 560 4470 l.
577 4412 604 4465 V
602 4410 675 4467 estrl
682 4408 860 4471 emendatius
873 4409 1039 4489 legendnm.
1052 4444 1093 4458 —
1108 4416 1211 4471 Vestra
1222 4410 1253 4473 in
1266 4410 1335 4472 edd.
