3742 5667
495 831 554 888 roo
721 827 885 885 mornas
906 810 1121 886 constares
1143 829 1191 885 nr
1212 826 1347 887 suana.

492 986 598 1036 suum
609 959 773 1059 prasidio
785 959 942 1030 militurn
951 960 1130 1032 munitum
1142 964 1151 998 ¹
1162 959 1343 1057 relinquit,
1358 959 1433 1057 ipse
1444 984 1550 1033 suum

492 1077 656 1179 proximo
666 1090 790 1147 monte
799 1075 900 1171 erigit
911 1091 1082 1165 castrum,
1095 1090 1134 1147 ut
1142 1074 1422 1147 exindemilitari
1430 1078 1548 1175 copia,

492 1193 758 1269 balistariorum
779 1206 815 1263 et
838 1192 1101 1288 sagittariorum
1122 1190 1338 1291 repulsione,
1360 1208 1396 1264 et
1419 1192 1551 1267 cibaria

493 1325 593 1383 tenae
606 1309 656 1381 eis
672 1320 861 1395 excuteret,
879 1322 915 1379 et
929 1332 997 1406 pro
1014 1306 1068 1378 his
1085 1321 1217 1379 terram
1229 1332 1329 1379 suam
1339 1308 1416 1404 jugi
1434 1332 1553 1381 neces·

491 1425 592 1497 sitate
605 1421 828 1495 confundere
851 1436 1062 1494 coarctaret.
1088 1422 1153 1494 Cui
1177 1446 1237 1495 rex
1258 1427 1478 1497 Francorum
1497 1425 1551 1521 ja·

491 1540 609 1613 calata
635 1553 860 1635 retorquens,
882 1538 1017 1635 absque
1034 1562 1136 1610 mora
1162 1539 1278 1611 vicem
1303 1538 1439 1630 reddit;
1464 1563 1548 1611 cum

491 1653 612 1726 subito
637 1652 788 1726 collecto
809 1653 978 1742 exercitu,
1000 1653 1092 1724 sicut
1118 1653 1181 1749 qui
1208 1653 1348 1725 tesseris
1376 1652 1480 1742 ludit,
1510 1655 1546 1725 iu

489 1792 618 1841 aurora
638 1780 815 1861 remeans,
842 1790 978 1837 norum
1002 1766 1092 1838 illud
1119 1781 1288 1855 castrum,
1314 1765 1413 1864 quod
1442 1767 1547 1863 vulgo

489 1882 746 1957 nominabatur
759 1881 1019 1972 Malesessum',
1028 1881 1187 1953 virtuose
1201 1881 1417 1977 aggreditur,
1431 1881 1547 1955 multo

488 2013 632 2086 conatu,
651 1995 763 2068 multa
778 1994 1067 2093 gravissimorum
1080 1994 1217 2067 ictuum
1234 1995 1428 2068 donatione
1443 2012 1480 2067 et
1495 2021 1548 2069 re·

489 2111 654 2210 ceptione
680 2108 758 2205 (tali
792 2107 889 2179 enirn
908 2107 987 2179 loro
1016 2106 1086 2179 tale
1114 2106 1219 2201 vulgo
1252 2107 1401 2181 solvitur
1427 2107 1547 2182 thelo-

486 2224 618 2323 neum)
650 2223 798 2296 viriliter
829 2222 1054 2322 suppeditat,
1077 2221 1200 2321 diripit
1226 2236 1263 2294 et
1282 2222 1486 2321 pessundat,
1510 2238 1546 2297 et

484 2342 531 2414 ad
553 2341 652 2437 regni
676 2338 922 2411 excellentiam
941 2352 976 2409 et
1000 2338 1155 2435 oppositi
1170 2340 1426 2411 contumeliam
1451 2341 1546 2435 quic·

483 2456 574 2555 quid
603 2455 849 2527 machinatum
870 2453 956 2525 inde
975 2452 1090 2526 luerat
1105 2479 1188 2526 vera
1213 2455 1344 2526 virtute
1367 2456 1541 2529 dissolvit.

483 2576 528 2643 Et
540 2571 714 2668 quoniam
727 2568 818 2641 nulli
829 2569 973 2641 fortuna
987 2569 1182 2667 aliquando
1195 2570 1308 2668 parcit
1317 2572 1541 2669 potestativa,

482 2710 567 2759 cum
581 2686 739 2758 dicatur:

603 2884 633 2944 si
652 2885 768 2944 lortuna
784 2883 873 2958 rotet,
887 2886 939 2944 lies
952 2885 989 2944 de
1003 2884 1121 2946 rhetore
1135 2886 1253 2963 consul;

600 2977 630 3038 si
649 2977 728 3037 volet
742 2978 802 3039 trec
814 2978 928 3052 eadem,
942 2979 993 3038 lies
1005 2978 1043 3038 de
1053 2980 1170 3040 consule
1183 2980 1313 3057 rhetor⁸;

482 3184 546 3231 rex
554 3158 698 3254 Angttae,
709 3172 792 3255 post
808 3157 933 3253 longos
948 3172 984 3228 et
1000 3157 1183 3229 mirabiles
1200 3158 1445 3257 placidissimae
1454 3186 1540 3259 pro·

482 3274 658 3371 speritatis
684 3296 878 3361 successus,
902 3273 1005 3369 quasi
1035 3272 1080 3344 de
1116 3298 1258 3345 summo
1281 3290 1367 3347 rotae
1397 3276 1542 3349 descen·

479 3389 583 3480 dens,
600 3388 782 3459 mutabili*
800 3402 835 3458 et
854 3386 1010 3459 infausto
1032 3412 1153 3459 rerum
1171 3390 1373 3485 angariatur
1386 3408 1538 3483 eventu,

479 3532 562 3579 cum
578 3532 620 3577 ex
634 3507 703 3578 hac
725 3520 825 3604 parte
849 3530 912 3576 rex
931 3507 1097 3591 Franciae,
1122 3522 1281 3605 exparte
1303 3510 1540 3583 Pontivorum

478 3620 649 3694 Flandriae
666 3621 838 3693 affinitate
853 3644 975 3693 comes
992 3620 1229 3710 Flandrensis,
1249 3649 1290 3694 ex
1309 3641 1409 3723 parte
1431 3626 1540 3701 Cino-

475 3740 712 3816 mannorum'
726 3762 848 3811 comes
871 3738 979 3810 Falco
997 3738 1268 3835 Andegavensis,
1288 3744 1438 3815 omnino
1454 3768 1539 3817 eum

518 3993 548 4049 1.
565 3993 714 4068 Numnam,
728 3991 893 4069 perperam,
905 3987 973 4049 edd.
989 3990 1088 4053 Germ.
1104 4002 1133 4050 et
1144 3988 1250 4052 chesn.

517 4086 548 4141 2.
557 4077 652 4158 Vulgi)
662 4084 812 4141 Molossis.
824 4082 869 4144 Cl.
880 4081 985 4146 arder.
997 4082 1069 4165 Vin,
1084 4081 1136 4146 lib.
1155 4086 1223 4144 ΧΠ.

517 4172 876 4244 3.Jurenalis‚sat.V11.
998 4234 1001 4243 Δ

516 4272 547 4327 la.
561 4265 696 4326 Mirabile·
709 4265 791 4339 edd,
805 4280 906 4325 contra
918 4266 1047 4346 quinque
1060 4268 1147 4329 codd.

514 4364 544 4419 11.
562 4358 608 4418 Sic
624 4368 706 4436 quat.
725 4357 840 4417 codices
856 4369 885 4418 et
904 4354 976 4418 ¹edit.
992 4360 1139 4423 Benediet.
1154 4391 1198 4409 --
1220 4370 1443 4430 Normannorum
1463 4368 1534 4435 edd,

474 4456 574 4513 Germ.
587 4464 617 4511 et
628 4452 731 4513 chesn.
747 4485 787 4497 -
798 4456 847 4511 Ex
854 4468 939 4530 parte
954 4454 1187 4516 Ciaonrannorum
1197 4480 1288 4519 comes
1302 4466 1387 4521 Falco
1402 4468 1535 4545 Aruiega·

473 4553 565 4605 vensis
575 4547 679 4604 desunt
691 4544 721 4603 in
733 4548 842 4608 tatto.
