3742 5667
484 817 541 873 sao
701 813 864 872 movens
884 798 1100 871 consumas
1121 815 1170 870 m:
1191 815 1323 873 suern.

482 961 652 1046 poteramt
676 945 868 1035 memoriae,
892 943 939 1017 ad
963 959 1191 1044 peccatorum
1215 969 1378 1017 meorum
1401 946 1549 1046 deposi-

482 1062 638 1133 tionem¹
670 1061 951 1158 miserrimaeque
973 1061 1055 1134 vitae
1082 1060 1190 1158 hujus
1215 1058 1473 1152 directionem,
1502 1063 1546 1134 in

483 1177 651 1248 omnibus
666 1192 740 1248 tam
756 1177 942 1248 nocturnis
959 1200 1069 1275 quam
1087 1175 1224 1249 diurnis
1242 1177 1341 1250 horis
1360 1178 1546 1250 Psalmum

483 1319 609 1383 untun,
631 1290 692 1362 Ad
723 1308 756 1363 te
781 1291 908 1379 bauo&
936 1308 973 1364 et
999 1307 1081 1391 post
1104 1293 1225 1364 miseri
1247 1293 1409 1391 corporis
1431 1292 1545 1390 hujus

483 1408 767 1500 dissolutionem,
784 1409 820 1479 in
830 1408 914 1506 ipsis
922 1423 1126 1481 sanctarum
1133 1410 1386 1482 memoriarum
1397 1409 1541 1492 diebus⁹

485 1531 538 1596 De
546 1521 740 1623 profundas
754 1523 919 1613 clamavi,
940 1548 1005 1623 per
1019 1524 1184 1596 omnium
1200 1524 1381 1598 curricula
1398 1541 1546 1626 tempo·

481 1664 563 1710 rom
581 1635 857 1710 misericorditer
877 1636 1048 1710 fidissima
1069 1654 1104 1710 et
1128 1637 1363 1734 irrefragabili
1388 1641 1546 1738 promis-

482 1756 582 1826 sione
604 1753 716 1824 mihi'
733 1754 893 1851 meisque
917 1751 1181 1826 successoribus
1207 1753 1440 1826 obtinuimus.
1463 1757 1547 1824 Hoc

481 1894 556 1940 uno
587 1882 623 1940 et
658 1868 802 1966 speciali
825 1868 1072 1966 continuoque
1100 1883 1282 1968 sperantes
1319 1883 1447 1941 sanctae
1472 1867 1545 1940 Dei

483 1984 606 2056 Matris
628 1998 907 2081 sanctorumque
922 1983 1077 2056 aliorum
1091 1983 1275 2079 suffragio,
1292 1983 1441 2056 fratrum
1457 2009 1548 2054 nos-

484 2116 621 2172 trorum
637 2101 1109 2192 successivaintercessione,
1126 2098 1341 2173 delictorum
1351 2097 1472 2172 sordes
1480 2098 1549 2172 de-

482 2240 631 2315 ponere,
646 2229 682 2286 et
692 2215 815 2287 saltem
833 2215 886 2287 vel
902 2215 940 2286 in
950 2213 1008 2286 die
1022 2216 1300 2288 Resurrectionis
1311 2215 1455 2288 Domini
1467 2215 1546 2286 mi-

481 2330 712 2406 sericordiam
730 2330 768 2400 in
780 2331 897 2428 aliqua
908 2330 1064 2429 paradisi
1076 2331 1297 2402 extremitate
1310 2331 1513 2429 impetrare.

530 2446 785 2520 Gloriosissimi
806 2472 952 2546 quoque
979 2445 1150 2519 Ludovici
1178 2448 1269 2543 regis
1304 2451 1544 2538 Francorum,

481 2578 562 2663 post
596 2563 879 2635 strenuissimam
916 2564 1014 2660 regni
1049 2563 1125 2661 ejus
1165 2561 1540 2650 administrationem,

481 2679 763 2751 anniversarium
786 2678 863 2751 fieri
892 2677 1040 2776 singulis
1066 2679 1169 2750 annis
1196 2693 1232 2749 ct
1262 2677 1473 2750 mandamus
1506 2693 1544 2749 et

481 2795 732 2868 constituimus
757 2822 777 2865 :·
788 2811 824 2867 et
844 2810 884 2867 ut
902 2795 1027 2868 eadem
1043 2793 1102 2866 die
1120 2793 1166 2866 de
1181 2794 1334 2893 prefatis
1357 2793 1545 2866 vilcassini

482 2912 630 2984 decimis
645 2908 691 2982 ab
714 2935 757 2982 eo
780 2909 886 2983 nobis
907 2910 1045 2982 collatis
1075 2910 1200 3007 viginti
1233 2908 1368 2982 solidos
1385 2909 1545 3008 propriae

481 3027 666 3100 refectioni
689 3024 845 3098 habeant
859 3026 1097 3125 precipimus.
1120 3031 1163 3097 Et
1179 3041 1220 3098 ut
1236 3027 1312 3098 liaec
1329 3039 1448 3097 nostra
1470 3025 1545 3097 fra-

482 3159 652 3241 trumque
690 3142 868 3214 institutio
908 3141 1161 3240 praesentisque
1203 3157 1307 3216 cartae
1339 3142 1546 3238 longaevitas

482 3260 579 3332 nulla
596 3258 886 3358 praesumptione,
905 3257 1005 3329 nulla
1018 3255 1219 3328 temeritate
1231 3256 1463 3330 defraudetur
1478 3273 1544 3329 aut

482 3375 697 3466 destruatur,
718 3375 755 3444 in
781 3372 938 3470 capitulo
959 3386 1085 3442 nostro
1104 3373 1316 3466 generaliter
1330 3372 1540 3460 residentes,

482 3490 584 3563 clavo
614 3507 652 3562 et
685 3513 820 3562 corona
846 3489 994 3560 Domini
1025 3501 1060 3558 et
1088 3489 1201 3559 sancti
1228 3489 1340 3558 senis⁸
1366 3487 1543 3560 Simeonis

480 3605 651 3695 brachio,
680 3606 746 3676 Dei
780 3604 1039 3703 omnipotentis
1067 3603 1304 3701 omniumque
1334 3619 1542 3675 sanctorum

482 3721 706 3810 auctoritate,
736 3734 951 3820 perpetuum
976 3717 1165 3791 anathema
1190 3734 1227 3791 et
1249 3719 1419 3816 gebennae
1443 3720 1542 3814 ignes

482 3836 769 3908 inviolatoribus⁸
790 3837 1012 3934 imponimus
1042 3851 1078 3908 et
1096 3837 1356 3932 imprecamur;
1393 3857 1542 3905 conser-

481 3951 667 4024 vatoribus
686 3976 772 4024 vero
788 3966 822 4022 et
840 3951 1013 4050 privilegii
1032 3951 1140 4047 hujus
1163 3949 1411 4023 defensoribus
1428 3950 1540 4022 vitam

481 4083 660 4140 aeternam.

520 4276 549 4330 l.
567 4267 795 4348 Dispositioncm,
808 4271 958 4350 mendose,
973 4272 1044 4333 edit.
1055 4273 1162 4333 Chesn.

521 4371 552 4424 2.
568 4367 650 4423 Mite·
660 4365 739 4423 deest
752 4365 783 4421 in
797 4363 864 4423 edd.
880 4363 972 4425 Fclib.
986 4379 1015 4424 et
1026 4365 1111 4425 ouht.

522 4465 551 4521 3.
567 4465 648 4518 Senis
660 4458 798 4517 omissum
811 4458 924 4519 incdit.
941 4459 1045 4520 Cbcsn.

522 4558 551 4615 l.
569 4551 758 4611 Violatorum
769 4553 816 4616 cd.
833 4552 940 4614 Cbcsu.
