<?xml version="1.0" encoding="UTF-8"?>
<!DOCTYPE html PUBLIC "-//W3C//DTD XHTML 1.0 Transitional//EN"
    "http://www.w3.org/TR/xhtml1/DTD/xhtml1-transitional.dtd">
<html xmlns="http://www.w3.org/1999/xhtml" xml:lang="en" lang="en">
 <head>
  <title>
</title>
<meta http-equiv="Content-Type" content="text/html;charset=utf-8" />
  <meta name='ocr-system' content='tesseract 3.04.00' />
  <meta name='ocr-capabilities' content='ocr_page ocr_carea ocr_par ocr_line ocrx_word'/>
</head>
<body>
  <div class='ocr_page' id='page_1' title='image "./oeuvrescompltes00sugegoog_0301.png"; bbox 0 0 3742 5667; ppageno 0'>
   <div class='ocr_carea' id='block_1_1' title="bbox 750 788 1371 853">
    <p class='ocr_par' dir='ltr' id='par_1_1' title="bbox 750 788 1371 853">
     <span class='ocr_line' id='line_1_1' title="bbox 750 788 1371 853; baseline 0.01 -6"><span class='ocrx_word' id='word_1_1' title='bbox 750 788 923 849; x_wconf 71' lang='lat' dir='ltr'>temus.</span> <span class='ocrx_word' id='word_1_2' title='bbox 1313 794 1371 853; x_wconf 77' lang='lat'>267</span> 
     </span>
    </p>
   </div>
   <div class='ocr_carea' id='block_1_2' title="bbox 307 921 1375 1951">
    <p class='ocr_par' dir='ltr' id='par_1_2' title="bbox 307 921 1375 1951">
     <span class='ocr_line' id='line_1_2' title="bbox 307 921 1369 1025; baseline 0.006 -30"><span class='ocrx_word' id='word_1_3' title='bbox 307 922 388 995; x_wconf 84' lang='lat' dir='ltr'>sive</span> <span class='ocrx_word' id='word_1_4' title='bbox 400 921 616 1023; x_wconf 90' lang='lat' dir='ltr'>optimatum</span> <span class='ocrx_word' id='word_1_5' title='bbox 625 934 839 1011; x_wconf 87' lang='lat' dir='ltr'>vestrorum,</span> <span class='ocrx_word' id='word_1_6' title='bbox 856 922 893 993; x_wconf 95' lang='lat' dir='ltr'>in</span> <span class='ocrx_word' id='word_1_7' title='bbox 903 946 1066 1019; x_wconf 79' lang='lat' dir='ltr'>guerram</span> <span class='ocrx_word' id='word_1_8' title='bbox 1081 924 1269 1000; x_wconf 91' lang='lat' dir='ltr'>immature</span> <span class='ocrx_word' id='word_1_9' title='bbox 1285 952 1369 1025; x_wconf 91' lang='lat' dir='ltr'>pro-</span> 
     </span>
     <span class='ocr_line' id='line_1_3' title="bbox 307 1038 1373 1139; baseline 0.004 -26"><span class='ocrx_word' id='word_1_10' title='bbox 307 1040 501 1139; x_wconf 82' lang='lat' dir='ltr'><strong>rumpatis,</strong></span> <span class='ocrx_word' id='word_1_11' title='bbox 519 1038 658 1137; x_wconf 88' lang='lat' dir='ltr'>Siquid</span> <span class='ocrx_word' id='word_1_12' title='bbox 671 1039 766 1111; x_wconf 91' lang='lat' dir='ltr'>enim</span> <span class='ocrx_word' id='word_1_13' title='bbox 784 1038 901 1111; x_wconf 89' lang='lat' dir='ltr'>minus</span> <span class='ocrx_word' id='word_1_14' title='bbox 914 1038 1077 1111; x_wconf 88' lang='lat' dir='ltr'>consulte</span> <span class='ocrx_word' id='word_1_15' title='bbox 1095 1043 1246 1139; x_wconf 77' lang='lat' dir='ltr'>aggressi</span> <span class='ocrx_word' id='word_1_16' title='bbox 1264 1043 1373 1117; x_wconf 84' lang='lat' dir='ltr'>fueri-</span> 
     </span>
     <span class='ocr_line' id='line_1_4' title="bbox 309 1152 1373 1247; baseline 0.005 -20"><span class='ocrx_word' id='word_1_17' title='bbox 309 1156 373 1247; x_wconf 91' lang='lat' dir='ltr'>tis,</span> <span class='ocrx_word' id='word_1_18' title='bbox 390 1180 458 1228; x_wconf 88' lang='lat' dir='ltr'>neo</span> <span class='ocrx_word' id='word_1_19' title='bbox 474 1180 558 1229; x_wconf 89' lang='lat' dir='ltr'>cum</span> <span class='ocrx_word' id='word_1_20' title='bbox 575 1156 715 1229; x_wconf 86' lang='lat' dir='ltr'>honore</span> <span class='ocrx_word' id='word_1_21' title='bbox 732 1152 876 1247; x_wconf 90' lang='lat' dir='ltr'>dimitti,</span> <span class='ocrx_word' id='word_1_22' title='bbox 896 1178 964 1227; x_wconf 86' lang='lat' dir='ltr'>nec</span> <span class='ocrx_word' id='word_1_23' title='bbox 982 1156 1058 1227; x_wconf 90' lang='lat' dir='ltr'>sine</span> <span class='ocrx_word' id='word_1_24' title='bbox 1075 1158 1232 1230; x_wconf 83' lang='lat' dir='ltr'>maximo</span> <span class='ocrx_word' id='word_1_25' title='bbox 1249 1157 1373 1232; x_wconf 89' lang='lat' dir='ltr'>labore</span> 
     </span>
     <span class='ocr_line' id='line_1_5' title="bbox 308 1270 1374 1374; baseline 0.004 -28"><span class='ocrx_word' id='word_1_26' title='bbox 308 1272 436 1374; x_wconf 87' lang='lat' dir='ltr'>perfici</span> <span class='ocrx_word' id='word_1_27' title='bbox 450 1272 595 1372; x_wconf 90' lang='lat' dir='ltr'>poterit.</span> <span class='ocrx_word' id='word_1_28' title='bbox 621 1271 705 1363; x_wconf 90' lang='lat' dir='ltr'>Sed,</span> <span class='ocrx_word' id='word_1_29' title='bbox 732 1270 1028 1371; x_wconf 89' lang='lat' dir='ltr'>quandoquidem</span> <span class='ocrx_word' id='word_1_30' title='bbox 1046 1274 1211 1348; x_wconf 91' lang='lat' dir='ltr'>homines</span> <span class='ocrx_word' id='word_1_31' title='bbox 1233 1291 1374 1350; x_wconf 82' lang='lat' dir='ltr'>vestros</span> 
     </span>
     <span class='ocr_line' id='line_1_6' title="bbox 312 1390 1373 1489; baseline 0.004 -26"><span class='ocrx_word' id='word_1_32' title='bbox 312 1406 464 1489; x_wconf 89' lang='lat' dir='ltr'>propter</span> <span class='ocrx_word' id='word_1_33' title='bbox 480 1390 551 1462; x_wconf 85' lang='lat' dir='ltr'>hoc</span> <span class='ocrx_word' id='word_1_34' title='bbox 569 1390 802 1481; x_wconf 77' lang='lat' dir='ltr'><strong>convocastis,</strong></span> <span class='ocrx_word' id='word_1_35' title='bbox 821 1404 985 1485; x_wconf 83' lang='lat' dir='ltr'>rogantes</span> <span class='ocrx_word' id='word_1_36' title='bbox 996 1392 1228 1464; x_wconf 88' lang='lat' dir='ltr'>consulimus¹</span> <span class='ocrx_word' id='word_1_37' title='bbox 1240 1408 1294 1486; x_wconf 90' lang='lat' dir='ltr'>ut,</span> <span class='ocrx_word' id='word_1_38' title='bbox 1308 1419 1373 1466; x_wconf 90' lang='lat' dir='ltr'>au·</span> 
     </span>
     <span class='ocr_line' id='line_1_7' title="bbox 313 1506 1372 1606; baseline 0.002 -28"><span class='ocrx_word' id='word_1_39' title='bbox 313 1506 392 1579; x_wconf 88' lang='lat' dir='ltr'>dito</span> <span class='ocrx_word' id='word_1_40' title='bbox 418 1531 544 1579; x_wconf 88' lang='lat' dir='ltr'>eorum</span> <span class='ocrx_word' id='word_1_41' title='bbox 574 1506 744 1596; x_wconf 88' lang='lat' dir='ltr'>consilio,</span> <span class='ocrx_word' id='word_1_42' title='bbox 770 1506 954 1603; x_wconf 90' lang='lat' dir='ltr'>aliquanto</span> <span class='ocrx_word' id='word_1_43' title='bbox 981 1519 1141 1606; x_wconf 85' lang='lat' dir='ltr'>tempore</span> <span class='ocrx_word' id='word_1_44' title='bbox 1171 1507 1372 1582; x_wconf 82' lang='lat' dir='ltr'>differendo</span> 
     </span>
     <span class='ocr_line' id='line_1_8' title="bbox 313 1620 1375 1724; baseline 0.004 -29"><span class='ocrx_word' id='word_1_45' title='bbox 313 1622 531 1717; x_wconf 89' lang='lat' dir='ltr'>sustineatis,</span> <span class='ocrx_word' id='word_1_46' title='bbox 556 1620 672 1695; x_wconf 86' lang='lat' dir='ltr'>donec</span> <span class='ocrx_word' id='word_1_47' title='bbox 693 1620 854 1694; x_wconf 88' lang='lat' dir='ltr'>fidelium</span> <span class='ocrx_word' id='word_1_48' title='bbox 877 1635 1099 1715; x_wconf 87' lang='lat' dir='ltr'>vestrorum,</span> <span class='ocrx_word' id='word_1_49' title='bbox 1124 1624 1375 1724; x_wconf 86' lang='lat' dir='ltr'>episcoporum</span> 
     </span>
     <span class='ocr_line' id='line_1_9' title="bbox 315 1736 1371 1839; baseline 0.004 -30"><span class='ocrx_word' id='word_1_50' title='bbox 315 1736 449 1811; x_wconf 86' lang='lat' dir='ltr'>scilicet</span> <span class='ocrx_word' id='word_1_51' title='bbox 460 1752 496 1811; x_wconf 91' lang='lat' dir='ltr'>et</span> <span class='ocrx_word' id='word_1_52' title='bbox 504 1761 823 1837; x_wconf 88' lang='lat' dir='ltr'>procerum,super</span> <span class='ocrx_word' id='word_1_53' title='bbox 833 1736 904 1810; x_wconf 89' lang='lat' dir='ltr'>hoc</span> <span class='ocrx_word' id='word_1_54' title='bbox 914 1738 1102 1811; x_wconf 87' lang='lat' dir='ltr'>eonsilium</span> <span class='ocrx_word' id='word_1_55' title='bbox 1111 1739 1261 1812; x_wconf 91' lang='lat' dir='ltr'>audiatis</span> <span class='ocrx_word' id='word_1_56' title='bbox 1273 1768 1282 1811; x_wconf 92' lang='lat'>:</span> <span class='ocrx_word' id='word_1_57' title='bbox 1295 1741 1371 1839; x_wconf 93' lang='lat' dir='ltr'>qui,</span> 
     </span>
     <span class='ocr_line' id='line_1_10' title="bbox 316 1851 1372 1951; baseline 0.003 -27"><span class='ocrx_word' id='word_1_58' title='bbox 316 1876 358 1924; x_wconf 90' lang='lat' dir='ltr'>ex</span> <span class='ocrx_word' id='word_1_59' title='bbox 381 1853 464 1949; x_wconf 89' lang='lat' dir='ltr'>jure</span> <span class='ocrx_word' id='word_1_60' title='bbox 492 1851 670 1927; x_wconf 83' lang='lat' dir='ltr'>fidelitatis</span> <span class='ocrx_word' id='word_1_61' title='bbox 695 1878 805 1951; x_wconf 90' lang='lat' dir='ltr'>quam</span> <span class='ocrx_word' id='word_1_62' title='bbox 830 1876 943 1949; x_wconf 86' lang='lat' dir='ltr'>regno</span> <span class='ocrx_word' id='word_1_63' title='bbox 976 1868 1013 1927; x_wconf 85' lang='lat' dir='ltr'>et</span> <span class='ocrx_word' id='word_1_64' title='bbox 1044 1879 1186 1928; x_wconf 85' lang='lat' dir='ltr'>coronae</span> <span class='ocrx_word' id='word_1_65' title='bbox 1217 1855 1372 1948; x_wconf 90' lang='lat' dir='ltr'>debent,</span> 
     </span>
    </p>
   </div>
   <div class='ocr_carea' id='block_1_3' title="bbox 315 1967 1373 2156">
    <p class='ocr_par' dir='ltr' id='par_1_3' title="bbox 315 1967 1373 2156">
     <span class='ocr_line' id='line_1_11' title="bbox 315 1967 1373 2155; baseline 0.003 -115"><span class='ocrx_word' id='word_1_66' title='bbox 315 1967 415 2155; x_wconf 57' lang='lat' dir='ltr'>qggd</span> <span class='ocrx_word' id='word_1_67' title='bbox 428 1968 531 2042; x_wconf 86' lang='lat' dir='ltr'>vobis</span> <span class='ocrx_word' id='word_1_68' title='bbox 548 1970 798 2067; x_wconf 83' lang='lat' dir='ltr'>suggesserint,</span> <span class='ocrx_word' id='word_1_69' title='bbox 818 1968 990 2068; x_wconf 86' lang='lat' dir='ltr'>perficere</span> <span class='ocrx_word' id='word_1_70' title='bbox 1012 1970 1096 2043; x_wconf 90' lang='lat' dir='ltr'>totis</span> <span class='ocrx_word' id='word_1_71' title='bbox 1117 1970 1254 2045; x_wconf 83' lang='lat' dir='ltr'>viribus</span> <span class='ocrx_word' id='word_1_72' title='bbox 1270 1971 1373 2070; x_wconf 49' lang='lat' dir='ltr'>adju*</span> 
     </span>
     <span class='ocr_line' id='line_1_12' title="bbox 316 2086 485 2156; baseline 0.006 -1"><span class='ocrx_word' id='word_1_73' title='bbox 316 2108 338 2155; x_wconf 78' lang='lat' dir='ltr'>v</span> <span class='ocrx_word' id='word_1_74' title='bbox 386 2099 452 2156; x_wconf 88' lang='lat' dir='ltr'>unt</span> <span class='ocrx_word' id='word_1_75' title='bbox 463 2086 485 2156; x_wconf 80' lang='lat'>².</span> 
     </span>
    </p>
   </div>
   <div class='ocr_carea' id='block_1_4' title="bbox 413 2475 1272 2527">
    <p class='ocr_par' dir='ltr' id='par_1_4' title="bbox 413 2475 1272 2527">
     <span class='ocr_line' id='line_1_13' title="bbox 413 2475 1272 2527; baseline 0.003 -4"><span class='ocrx_word' id='word_1_76' title='bbox 413 2476 496 2523; x_wconf 86' lang='lat' dir='ltr'>xvn.</span> <span class='ocrx_word' id='word_1_77' title='bbox 526 2475 574 2523; x_wconf 74' lang='lat' dir='ltr'>AD</span> <span class='ocrx_word' id='word_1_78' title='bbox 589 2475 800 2526; x_wconf 70' lang='lat' dir='ltr'><strong>GAUFRIDUM</strong></span> <span class='ocrx_word' id='word_1_79' title='bbox 815 2476 973 2526; x_wconf 74' lang='lat' dir='ltr'>cotim</span> <span class='ocrx_word' id='word_1_80' title='bbox 990 2476 1272 2527; x_wconf 70' lang='lat' dir='ltr'>tuumavuttsnrt.</span> 
     </span>
    </p>
   </div>
   <div class='ocr_carea' id='block_1_5' title="bbox 319 2740 1377 2819">
    <p class='ocr_par' dir='ltr' id='par_1_5' title="bbox 319 2740 1377 2819">
     <span class='ocr_line' id='line_1_14' title="bbox 319 2740 1377 2819; baseline -0.003 -19"><span class='ocrx_word' id='word_1_81' title='bbox 319 2744 411 2819; x_wconf 84' lang='lat' dir='ltr'>Suger</span> <span class='ocrx_word' id='word_1_82' title='bbox 427 2741 548 2817; x_wconf 77' lang='lat' dir='ltr'>informe</span> <span class='ocrx_word' id='word_1_83' title='bbox 560 2744 588 2799; x_wconf 78' lang='lat' dir='ltr'>le</span> <span class='ocrx_word' id='word_1_84' title='bbox 598 2754 686 2798; x_wconf 88' lang='lat' dir='ltr'>comte</span> <span class='ocrx_word' id='word_1_85' title='bbox 696 2740 823 2813; x_wconf 69' lang='lat' dir='ltr'>dAnjou</span> <span class='ocrx_word' id='word_1_86' title='bbox 837 2762 902 2818; x_wconf 84' lang='lat' dir='ltr'>que,</span> <span class='ocrx_word' id='word_1_87' title='bbox 913 2760 964 2798; x_wconf 84' lang='lat' dir='ltr'>sur</span> <span class='ocrx_word' id='word_1_88' title='bbox 978 2759 1022 2799; x_wconf 85' lang='lat' dir='ltr'>ses</span> <span class='ocrx_word' id='word_1_89' title='bbox 1036 2746 1176 2798; x_wconf 76' lang='lat' dir='ltr'>instantes</span> <span class='ocrx_word' id='word_1_90' title='bbox 1189 2753 1218 2797; x_wconf 84' lang='lat' dir='ltr'>et</span> <span class='ocrx_word' id='word_1_91' title='bbox 1229 2759 1279 2796; x_wconf 83' lang='lat' dir='ltr'>sur</span> <span class='ocrx_word' id='word_1_92' title='bbox 1293 2744 1377 2798; x_wconf 83' lang='lat' dir='ltr'>celles</span> 
     </span>
    </p>
   </div>
   <div class='ocr_carea' id='block_1_6' title="bbox 358 2835 1377 2987">
    <p class='ocr_par' dir='ltr' id='par_1_6' title="bbox 358 2835 1377 2987">
     <span class='ocr_line' id='line_1_15' title="bbox 359 2835 1377 2914; baseline 0 -23"><span class='ocrx_word' id='word_1_93' title='bbox 359 2837 397 2891; x_wconf 84' lang='lat' dir='ltr'>du</span> <span class='ocrx_word' id='word_1_94' title='bbox 408 2847 497 2893; x_wconf 87' lang='lat' dir='ltr'>comte</span> <span class='ocrx_word' id='word_1_95' title='bbox 507 2836 544 2893; x_wconf 80' lang='lat' dir='ltr'>de</span> <span class='ocrx_word' id='word_1_96' title='bbox 556 2836 692 2911; x_wconf 77' lang='lat' dir='ltr'>Flaudre,</span> <span class='ocrx_word' id='word_1_97' title='bbox 708 2838 735 2892; x_wconf 86' lang='lat' dir='ltr'>Ie</span> <span class='ocrx_word' id='word_1_98' title='bbox 746 2841 790 2891; x_wconf 84' lang='lat' dir='ltr'>roi</span> <span class='ocrx_word' id='word_1_99' title='bbox 802 2854 822 2893; x_wconf 84' lang='grc' dir='ltr'><em>α</em></span> <span class='ocrx_word' id='word_1_100' title='bbox 834 2836 981 2894; x_wconf 74' lang='grc' dir='ltr'>νεηοπσέὸ</span> <span class='ocrx_word' id='word_1_101' title='bbox 993 2838 1071 2914; x_wconf 73' lang='lat' dir='ltr'>faire</span> <span class='ocrx_word' id='word_1_102' title='bbox 1083 2835 1211 2893; x_wconf 76' lang='lat' dir='ltr'>marcher</span> <span class='ocrx_word' id='word_1_103' title='bbox 1220 2854 1271 2891; x_wconf 84' lang='lat' dir='ltr'>son</span> <span class='ocrx_word' id='word_1_104' title='bbox 1280 2838 1377 2896; x_wconf 69' lang='lat' dir='ltr'>armee</span> 
     </span>
     <span class='ocr_line' id='line_1_16' title="bbox 358 2931 963 2987; baseline 0.005 -5"><span class='ocrx_word' id='word_1_105' title='bbox 358 2939 451 2983; x_wconf 72' lang='lat' dir='ltr'>eoam</span> <span class='ocrx_word' id='word_1_106' title='bbox 463 2931 515 2987; x_wconf 82' lang='lat' dir='ltr'>tut.</span> <span class='ocrx_word' id='word_1_107' title='bbox 957 2931 963 2943; x_wconf 83' lang='lat'><strong><em>¹</em></strong></span> 
     </span>
    </p>
   </div>
   <div class='ocr_carea' id='block_1_7' title="bbox 798 3085 903 3167">
    <p class='ocr_par' dir='ltr' id='par_1_7' title="bbox 798 3085 903 3167">
     <span class='ocr_line' id='line_1_17' title="bbox 798 3085 903 3167; baseline 0.019 -22"><span class='ocrx_word' id='word_1_108' title='bbox 798 3085 903 3167; x_wconf 73' lang='lat' dir='ltr'>(raso)</span> 
     </span>
    </p>
   </div>
   <div class='ocr_carea' id='block_1_8' title="bbox 315 3295 1379 4212">
    <p class='ocr_par' dir='ltr' id='par_1_8' title="bbox 319 3295 1375 3607">
     <span class='ocr_line' id='line_1_18' title="bbox 365 3295 1375 3398; baseline -0.006 -25"><span class='ocrx_word' id='word_1_109' title='bbox 365 3302 527 3398; x_wconf 84' lang='lat' dir='ltr'>Egregie,</span> <span class='ocrx_word' id='word_1_110' title='bbox 548 3302 613 3373; x_wconf 88' lang='lat' dir='ltr'>Dei</span> <span class='ocrx_word' id='word_1_111' title='bbox 637 3300 759 3397; x_wconf 88' lang='lat' dir='ltr'>gratia,</span> <span class='ocrx_word' id='word_1_112' title='bbox 784 3300 908 3373; x_wconf 88' lang='lat' dir='ltr'>comiti</span> <span class='ocrx_word' id='word_1_113' title='bbox 931 3296 1175 3393; x_wconf 71' lang='lat' dir='ltr'>andegavensi</span> <span class='ocrx_word' id='word_1_114' title='bbox 1187 3295 1375 3388; x_wconf 86' lang='lat' dir='ltr'>Gaufrido,</span> 
     </span>
     <span class='ocr_line' id='line_1_19' title="bbox 319 3411 1374 3513; baseline -0.007 -23"><span class='ocrx_word' id='word_1_115' title='bbox 319 3420 484 3513; x_wconf 78' lang='lat' dir='ltr'>sugerius</span> <span class='ocrx_word' id='word_1_116' title='bbox 520 3419 616 3489; x_wconf 83' lang='lat' dir='ltr'>Beati</span> <span class='ocrx_word' id='word_1_117' title='bbox 643 3418 804 3513; x_wconf 90' lang='lat' dir='ltr'>Dionysii</span> <span class='ocrx_word' id='word_1_118' title='bbox 841 3414 979 3506; x_wconf 89' lang='lat' dir='ltr'>abbas,</span> <span class='ocrx_word' id='word_1_119' title='bbox 1018 3414 1171 3486; x_wconf 86' lang='lat' dir='ltr'>salutem</span> <span class='ocrx_word' id='word_1_120' title='bbox 1198 3426 1235 3485; x_wconf 87' lang='lat' dir='ltr'>et</span> <span class='ocrx_word' id='word_1_121' title='bbox 1262 3411 1374 3485; x_wconf 87' lang='lat' dir='ltr'>dilec-</span> 
     </span>
     <span class='ocr_line' id='line_1_20' title="bbox 319 3536 466 3607; baseline -0.014 0"><span class='ocrx_word' id='word_1_122' title='bbox 319 3536 466 3607; x_wconf 88' lang='lat' dir='ltr'>tionem.</span> 
     </span>
    </p>

    <p class='ocr_par' dir='ltr' id='par_1_9' title="bbox 315 3643 1379 4212">
     <span class='ocr_line' id='line_1_21' title="bbox 362 3643 1378 3745; baseline -0.009 -23"><span class='ocrx_word' id='word_1_123' title='bbox 362 3654 457 3722; x_wconf 88' lang='lat' dir='ltr'>Cum</span> <span class='ocrx_word' id='word_1_124' title='bbox 487 3649 533 3722; x_wconf 88' lang='lat' dir='ltr'>de</span> <span class='ocrx_word' id='word_1_125' title='bbox 564 3650 707 3745; x_wconf 90' lang='lat' dir='ltr'>negotio</span> <span class='ocrx_word' id='word_1_126' title='bbox 739 3662 879 3738; x_wconf 85' lang='lat' dir='ltr'>vestro,</span> <span class='ocrx_word' id='word_1_127' title='bbox 910 3648 1001 3719; x_wconf 87' lang='lat' dir='ltr'>sicut</span> <span class='ocrx_word' id='word_1_128' title='bbox 1027 3669 1095 3717; x_wconf 90' lang='lat' dir='ltr'>nos</span> <span class='ocrx_word' id='word_1_129' title='bbox 1127 3659 1164 3715; x_wconf 91' lang='lat' dir='ltr'>et</span> <span class='ocrx_word' id='word_1_130' title='bbox 1190 3643 1378 3741; x_wconf 86' lang='lat' dir='ltr'>episcopus</span> 
     </span>
     <span class='ocr_line' id='line_1_22' title="bbox 315 3759 1377 3860; baseline -0.007 -23"><span class='ocrx_word' id='word_1_131' title='bbox 315 3766 545 3837; x_wconf 84' lang='lat' dir='ltr'>Luxoviensis</span> <span class='ocrx_word' id='word_1_132' title='bbox 559 3764 836 3855; x_wconf 84' lang='lat' dir='ltr'>contuleramus,</span> <span class='ocrx_word' id='word_1_133' title='bbox 856 3762 1097 3860; x_wconf 87' lang='lat' dir='ltr'>loqueremur,</span> <span class='ocrx_word' id='word_1_134' title='bbox 1123 3759 1304 3857; x_wconf 84' lang='lat' dir='ltr'>inopinate</span> <span class='ocrx_word' id='word_1_135' title='bbox 1318 3783 1377 3833; x_wconf 89' lang='lat' dir='ltr'>ve-</span> 
     </span>
     <span class='ocr_line' id='line_1_23' title="bbox 316 3880 1378 3978; baseline -0.006 -25"><span class='ocrx_word' id='word_1_136' title='bbox 316 3882 367 3953; x_wconf 92' lang='lat' dir='ltr'>nit</span> <span class='ocrx_word' id='word_1_137' title='bbox 388 3904 509 3954; x_wconf 85' lang='lat' dir='ltr'>comes</span> <span class='ocrx_word' id='word_1_138' title='bbox 528 3880 712 3971; x_wconf 86' lang='lat' dir='ltr'>Flandriae,</span> <span class='ocrx_word' id='word_1_139' title='bbox 742 3880 804 3977; x_wconf 93' lang='lat' dir='ltr'>qui</span> <span class='ocrx_word' id='word_1_140' title='bbox 827 3903 892 3978; x_wconf 87' lang='lat' dir='ltr'>per</span> <span class='ocrx_word' id='word_1_141' title='bbox 917 3902 955 3949; x_wconf 86' lang='lat' dir='ltr'>se</span> <span class='ocrx_word' id='word_1_142' title='bbox 981 3892 1016 3949; x_wconf 91' lang='lat' dir='ltr'>et</span> <span class='ocrx_word' id='word_1_143' title='bbox 1040 3900 1106 3975; x_wconf 89' lang='lat' dir='ltr'>per</span> <span class='ocrx_word' id='word_1_144' title='bbox 1131 3900 1378 3973; x_wconf 83' lang='lat' dir='ltr'>quoscumque</span> 
     </span>
     <span class='ocr_line' id='line_1_24' title="bbox 316 3991 1379 4095; baseline -0.005 -27"><span class='ocrx_word' id='word_1_145' title='bbox 316 3997 460 4095; x_wconf 88' lang='lat' dir='ltr'>potuit,</span> <span class='ocrx_word' id='word_1_146' title='bbox 492 3996 598 4067; x_wconf 90' lang='lat' dir='ltr'>nohis</span> <span class='ocrx_word' id='word_1_147' title='bbox 622 3996 731 4066; x_wconf 90' lang='lat' dir='ltr'>etiam</span> <span class='ocrx_word' id='word_1_148' title='bbox 757 3993 1022 4084; x_wconf 86' lang='lat' dir='ltr'>insistentibus,</span> <span class='ocrx_word' id='word_1_149' title='bbox 1050 3991 1161 4063; x_wconf 91' lang='lat' dir='ltr'>multa</span> <span class='ocrx_word' id='word_1_150' title='bbox 1187 4015 1295 4089; x_wconf 85' lang='lat' dir='ltr'>prece</span> <span class='ocrx_word' id='word_1_151' title='bbox 1320 3992 1379 4063; x_wconf 80' lang='lat' dir='ltr'>vix</span> 
     </span>
     <span class='ocr_line' id='line_1_25' title="bbox 317 4107 1378 4212; baseline -0.005 -29"><span class='ocrx_word' id='word_1_152' title='bbox 317 4114 414 4212; x_wconf 87' lang='lat' dir='ltr'>apud</span> <span class='ocrx_word' id='word_1_153' title='bbox 435 4110 626 4184; x_wconf 87' lang='lat' dir='ltr'>dominum</span> <span class='ocrx_word' id='word_1_154' title='bbox 648 4136 767 4208; x_wconf 90' lang='lat' dir='ltr'>regem</span> <span class='ocrx_word' id='word_1_155' title='bbox 789 4110 945 4183; x_wconf 90' lang='lat' dir='ltr'>obtinuit</span> <span class='ocrx_word' id='word_1_156' title='bbox 971 4124 1010 4181; x_wconf 89' lang='lat' dir='ltr'>ut</span> <span class='ocrx_word' id='word_1_157' title='bbox 1027 4107 1252 4181; x_wconf 85' lang='lat' dir='ltr'>submonitus</span> <span class='ocrx_word' id='word_1_158' title='bbox 1276 4131 1378 4180; x_wconf 82' lang='lat' dir='ltr'>exer·</span> 
     </span>
    </p>
   </div>
   <div class='ocr_carea' id='block_1_9' title="bbox 319 4328 1377 4599">
    <p class='ocr_par' dir='ltr' id='par_1_10' title="bbox 319 4328 1377 4599">
     <span class='ocr_line' id='line_1_26' title="bbox 357 4328 1377 4408; baseline -0.006 -13"><span class='ocrx_word' id='word_1_159' title='bbox 357 4340 388 4396; x_wconf 86' lang='lat' dir='ltr'>t.</span> <span class='ocrx_word' id='word_1_160' title='bbox 412 4333 591 4394; x_wconf 75' lang='lat' dir='ltr'>consulimus</span> <span class='ocrx_word' id='word_1_161' title='bbox 604 4332 652 4392; x_wconf 86' lang='lat' dir='ltr'>ed.</span> <span class='ocrx_word' id='word_1_162' title='bbox 665 4331 834 4393; x_wconf 87' lang='lat' dir='ltr'>Chesniana.</span> <span class='ocrx_word' id='word_1_163' title='bbox 855 4364 889 4377; x_wconf 94' lang='lat'><em>-</em></span> <span class='ocrx_word' id='word_1_164' title='bbox 907 4334 1113 4405; x_wconf 77' lang='lat' dir='ltr'>Comulutmro,</span> <span class='ocrx_word' id='word_1_165' title='bbox 1127 4328 1223 4389; x_wconf 81' lang='lat' dir='ltr'>minus</span> <span class='ocrx_word' id='word_1_166' title='bbox 1236 4331 1314 4408; x_wconf 70' lang='lat' dir='ltr'>apte,</span> <span class='ocrx_word' id='word_1_167' title='bbox 1327 4330 1377 4389; x_wconf 82' lang='lat' dir='ltr'>ed.</span> 
     </span>
     <span class='ocr_line' id='line_1_27' title="bbox 319 4425 581 4487; baseline -0.008 0"><span class='ocrx_word' id='word_1_168' title='bbox 319 4425 581 4487; x_wconf 76' lang='lat' dir='ltr'>Benedictinorum.</span> 
     </span>
     <span class='ocr_line' id='line_1_28' title="bbox 358 4519 1294 4599; baseline -0.003 -19"><span class='ocrx_word' id='word_1_169' title='bbox 358 4525 388 4580; x_wconf 82' lang='lat'>2.</span> <span class='ocrx_word' id='word_1_170' title='bbox 403 4524 447 4577; x_wconf 82' lang='lat' dir='ltr'>Ex</span> <span class='ocrx_word' id='word_1_171' title='bbox 460 4519 580 4591; x_wconf 71' lang='lat' dir='ltr'>chesn,</span> <span class='ocrx_word' id='word_1_172' title='bbox 594 4520 726 4591; x_wconf 79' lang='lat' dir='ltr'>1V,tt⁰.</span> <span class='ocrx_word' id='word_1_173' title='bbox 742 4550 781 4567; x_wconf 89' lang='lat'>-·</span> <span class='ocrx_word' id='word_1_174' title='bbox 793 4523 860 4582; x_wconf 75' lang='lat' dir='ltr'>Ber.</span> <span class='ocrx_word' id='word_1_175' title='bbox 875 4524 975 4599; x_wconf 81' lang='lat' dir='ltr'>gallic.</span> <span class='ocrx_word' id='word_1_176' title='bbox 989 4524 1134 4597; x_wconf 65' lang='lat' dir='ltr'>scriptor„</span> <span class='ocrx_word' id='word_1_177' title='bbox 1146 4521 1211 4590; x_wconf 84' lang='lat' dir='ltr'>XV,</span> <span class='ocrx_word' id='word_1_178' title='bbox 1225 4520 1294 4577; x_wconf 73' lang='lat'><strong>522.</strong></span> 
     </span>
    </p>
   </div>
   <div class='ocr_carea' id='block_1_10' title="bbox 0 0 1896 5667">
    <p class='ocr_par' dir='ltr' id='par_1_11' title="bbox 0 0 1896 5667">
     <span class='ocr_line' id='line_1_29' title="bbox 0 0 1896 5667; baseline 0 0"><span class='ocrx_word' id='word_1_179' title='bbox 0 0 1896 5667; x_wconf 95' lang='lat' dir='ltr'> </span> 
     </span>
    </p>
   </div>
  </div>
 </body>
</html>
