3742 5667
434 812 484 869 on
505 812 551 869 na
575 801 851 871 constent'nott
871 815 922 870 nn
943 813 1190 874 suar-urnis.
1286 819 1343 876 mr

289 946 483 1045 composita
502 960 539 1019 et
566 945 611 1018 ad
638 946 760 1019 valens
776 960 902 1043 quater
921 946 1047 1045 viginti
1068 963 1130 1022 aut
1145 964 1290 1021 centum
1309 949 1349 1020 li-

288 1060 433 1133 brarnm
452 1062 598 1159 singulis
620 1062 723 1135 annis
749 1061 927 1162 adaptata.
957 1066 1047 1151 Quae
1068 1065 1098 1137 si
1117 1090 1346 1162 quocumque

290 1176 486 1250 infortunio
509 1178 564 1250 his
580 1177 763 1277 explendis
782 1176 963 1271 deficeret,
983 1178 1051 1251 alia
1086 1180 1182 1253 Belsa
1207 1196 1346 1273 nostra,

290 1316 395 1389 quam
413 1292 606 1393 dupliciter
620 1306 682 1366 aut
697 1293 883 1391 tripliciter
903 1294 941 1365 in
957 1294 1159 1368 redditibus
1180 1320 1350 1392 augmen-

290 1409 453 1501 tavimus,
472 1409 664 1510 suppleret.
684 1414 754 1482 llas
768 1424 887 1481 autem
894 1408 1068 1484 ducentas
1084 1411 1208 1503 libras,
1226 1428 1353 1511 praeter

289 1549 328 1597 ea
345 1549 425 1623 quse
441 1525 486 1598 ad
502 1550 624 1599 arcam
631 1526 825 1623 gazofilacii
844 1523 1036 1599 devotione
1051 1527 1213 1601 fidelium
1221 1526 1352 1626 depor-

290 1639 472 1735 tabuntur,
496 1641 554 1714 vel
577 1666 812 1741 quaecumque
828 1641 897 1741 ipsi
911 1642 1054 1741 utrique
1076 1645 1177 1743 operi
1191 1642 1351 1715 offeren-

291 1772 364 1847 tur,
397 1772 535 1830 tantum
560 1758 761 1831 continuari
790 1757 876 1857 ipsis
904 1759 1076 1857 operibus
1103 1758 1350 1852 firmavimus,

290 1872 403 1947 donec
432 1872 589 1947 totaliter
604 1872 740 1971 absque
757 1872 818 1945 illa
835 1874 1031 1970 quaestione
1051 1889 1087 1947 et
1109 1876 1183 1973 ipsa
1199 1873 1349 1948 aedificia

290 2004 325 2061 et
339 1989 517 2063 anteriora
537 2003 573 2062 et
593 1991 777 2087 superiora
805 2012 890 2063 cum
915 1989 988 2063 suis
1013 1989 1172 2063 turribus
1197 1991 1348 2064 omnino

291 2104 486 2179 honorilice
502 2105 766 2206 compleantur.

337 2222 780 2320 V.1nsistentesigiturper
792 2222 987 2295 triennium
995 2221 1353 2322 multosumptu,po

291 2337 418 2437 puloso
439 2338 691 2437 operariorum
711 2354 905 2431 conventu,
923 2353 1042 2411 estate
1062 2353 1098 2411 et
1114 2338 1247 2431 hieme,
1265 2363 1353 2438 ope·

292 2454 337 2525 ris
355 2452 581 2553 perfectioni,
600 2479 646 2527 ne
672 2452 778 2527 nobis
802 2454 977 2551 conqueri
998 2457 1077 2525 Deo
1101 2457 1354 2553 Imperfectum

292 2596 406 2643 meum
431 2571 592 2645 vellerum
612 2570 711 2643 oculi
731 2571 795 2642 tui¹
815 2569 896 2667 jure
919 2585 1130 2669 oporteret,
1155 2570 1355 2645 admodum

292 2688 368 2786 ipso
387 2702 605 2787 cooperante
625 2683 919 2787 proficiebamus3
941 2687 1124 2785 instarque
1148 2685 1356 2761 divinorum

292 2802 509 2877 fundabatur
538 2802 750 2877 exultationi
777 2802 952 2875 universae
981 2818 1083 2875 terrae
1108 2826 1215 2876 mons
1242 2808 1353 2901 Syon,
1482 2888 1488 2899 ⁸

292 2919 401 2993 latera
424 2919 615 3019 aquilonis,
634 2919 758 2991 civitas
783 2918 886 3013 Regis
901 2918 1035 3014 magni,
1052 2918 1154 3015 cujus
1169 2918 1207 2991 in
1234 2917 1357 2990 medio

294 3040 387 3109 Deus
400 3033 477 3109 non
492 3033 797 3129 commovebitur,
815 3034 879 3107 sed
893 3049 1123 3133 peccatorum
1139 3035 1356 3108 incitamen·

295 3152 337 3224 tis
358 3165 577 3242 commotus,
594 3148 777 3221 odorifero
787 3150 1039 3248 poenitentium
1054 3149 1266 3223 holocausto
1284 3151 1358 3248 pla·

294 3268 364 3341 cari
386 3282 424 3341 et
443 3266 631 3367 propitiari
654 3289 728 3337 non
749 3264 1014 3361 dedignabitur.
1039 3265 1201 3341 Medium
1222 3267 1357 3365 quippe

294 3380 486 3457 duodecim
502 3382 752 3480 Apostolorum
767 3397 988 3481 exponentes
1004 3406 1211 3476 numerum,
1227 3406 1355 3455 secun·

295 3498 395 3572 dario
425 3524 512 3572 vero
533 3496 685 3572 totidem
720 3497 858 3571 alarum
888 3499 1064 3583 columnae
1094 3498 1354 3598 Prophetarum

297 3638 487 3688 numerum
497 3613 748 3710 significantes,
758 3613 1028 3713 altumrepente
1037 3612 1358 3711 subrigebantaedi·

297 3730 433 3823 ficium,
455 3731 557 3829 juxta
584 3730 809 3829 Apostolum,
834 3729 1063 3829 spiritualiter
1088 3728 1353 3802 aedificantem:

296 3852 375 3919 lam
399 3873 473 3919 non
493 3848 596 3937 estis,
618 3846 750 3943 inquit,
777 3844 931 3943 hospites
951 3863 988 3917 et
1007 3844 1172 3934 advenae5
1188 3842 1254 3917 sed
1272 3846 1357 3916 estis

297 3966 385 4035 cives
401 3980 605 4035 sanctorum
618 3976 653 4033 ct
664 3960 847 4033 domestici
861 3962 941 4048 Dei,
957 3962 1236 4060 superaeaifirati
1247 3983 1356 4059 super

297 4077 569 4178 fumantum
604 4076 856 4177 Apostolorum
886 4091 923 4149 et
959 4076 1241 4174 Prophetarum,
1280 4078 1356 4173 ipso

299 4222 435 4267 summo
455 4195 627 4295 angulari
647 4193 763 4293 lupide
794 4192 934 4266 Christo
955 4198 1062 4286 lesu,
1087 4196 1151 4291 qui
1169 4208 1356 4292 utrumque

300 4311 481 4413 conjungit
497 4312 689 4410 ponerem,
710 4312 748 4382 in
766 4334 835 4409 quo
850 4308 967 4381 omnt's
980 4307 1183 4408 aedificatio,
1197 4311 1268 4381 sive
1281 4312 1356 4406 spt'·

341 4540 371 4599 l.
386 4534 493 4597 Psalm.
507 4554 650 4606 cxxrvru,
667 4538 759 4597 v.16.
