3742 5667
493 694 553 749 aaa
713 689 877 748 ‹nuvans
896 672 1110 747 conaturus
1131 688 1181 745 na
1201 687 1336 751 suana.

493 818 649 893 ecclesia
664 820 852 918 proprium
861 818 955 891 beati
968 818 1128 917 Dionysii
1142 817 1302 912 feodum,
1321 844 1431 916 quem
1445 820 1571 892 etiam

493 960 556 1009 rex
575 940 794 1009 Francorum
810 934 1011 1007 Lndovicus
1028 934 1195 1032 Philippi,
1214 932 1412 1007 accelerans
1428 951 1571 1008 contra

492 1054 747 1151 imperatorem
760 1074 954 1125 romanum
968 1051 1209 1145 insurgentem
1226 1050 1261 1121 in
1274 1073 1423 1145 regnum
1443 1056 1569 1122 Fran-

491 1192 632 1259 corum,
654 1168 690 1238 in
706 1166 813 1265 pleno
829 1164 985 1265 capitulo
1001 1164 1098 1237 beati
1115 1164 1276 1263 Dionysii
1298 1166 1476 1263 professus
1501 1180 1569 1239 est

491 1309 529 1356 se
555 1283 664 1356 abeo
679 1281 824 1374 habere,
850 1298 887 1355 et
908 1284 992 1381 jure
1017 1280 1185 1379 signiferi,
1215 1280 1243 1351 si
1269 1296 1563 1371 rexnonesset,

491 1400 694 1472 hominium
702 1400 733 1471 ei
743 1398 888 1490 debere,
899 1398 972 1472 hoc
981 1400 1192 1496 insequente
1206 1397 1426 1471 incremento
1436 1396 1565 1471 domi-

491 1516 703 1604 nicaturam,
721 1519 800 1587 Deo
813 1514 1017 1604 auxiliante,
1034 1512 1258 1609 augmentari
1276 1511 1561 1585 elaboravimus.

490 1631 684 1704 Ecclesiam
709 1629 756 1702 de
774 1632 941 1726 Cergiaco
963 1644 1000 1702 et
1020 1630 1126 1702 cun'ae
1144 1628 1345 1701 libertatem
1361 1629 1407 1700 ab
1425 1628 1564 1702 eodem

492 1771 574 1842 rege
591 1746 773 1819 Ludovico
788 1745 1025 1819 obtinuimus.
1046 1748 1074 1815 Α
1090 1744 1166 1815 filio
1181 1768 1267 1816 vero
1281 1742 1356 1839 ejus
1370 1744 1563 1816 Ludovico

491 1862 668 1934 viaturam
687 1861 848 1958 ejusdem
870 1860 962 1933 villae
982 1875 1019 1932 et
1038 1883 1164 1931 omnes
1181 1857 1343 1930 redditus
1356 1858 1445 1955 ejus,
1464 1883 1562 1957 prae-

492 1993 546 2049 ter
564 1978 690 2049 viuum
713 1993 749 2050 et
776 2000 939 2067 avenam,
966 1976 1003 2047 in
1033 1973 1259 2049 dedicatione
1281 1973 1436 2046 ecclesiae
1457 1974 1561 2071 regia

489 2091 703 2166 liberalitate
717 2117 785 2192 pro
802 2089 963 2164 remedio
979 2092 1107 2163 animae
1118 2091 1207 2187 ejus,
1227 2113 1390 2188 personae
1404 2105 1441 2162 ct
1454 2091 1560 2186 regni

489 2209 727 2307 protectione,
752 2207 989 2280 obtinuimus.
1019 2207 1109 2278 Nec¹
1128 2206 1244 2277 minus
1264 2206 1370 2277 etiam
1399 2205 1501 2303 quod
1516 2206 1560 2277 in

490 2324 678 2398 Carmeliis
705 2322 875 2415 habebat,
907 2339 945 2395 et
974 2322 1072 2422 apud
1101 2322 1290 2412 OEnitom,
1310 2336 1344 2393 et
1376 2322 1556 2419 quicquid

489 2440 636 2540 Trappis
654 2438 824 2528 habebat,
852 2453 980 2538 praeter
1005 2438 1216 2536 hospitium,
1234 2436 1365 2511 sanctis
1391 2436 1557 2534 Martyri-

490 2555 558 2628 bus
570 2556 797 2630 devotissime
816 2553 981 2627 contulit.
1003 2558 1075 2626 Nos
1091 2569 1211 2626 autem
1225 2569 1259 2626 et
1276 2554 1322 2627 de
1338 2553 1394 2625 bis
1407 2569 1443 2626 et
1456 2554 1556 2627 mul-

489 2671 535 2743 tis
552 2670 628 2743 aliis
645 2670 885 2761 incrementis,
904 2670 1100 2769 praesertim
1124 2670 1293 2742 continua
1312 2668 1556 2742 sollicitudine

490 2801 526 2859 et
538 2787 615 2883 jugi
636 2787 877 2886 providentia,
898 2802 1002 2858 terrae
1026 2785 1143 2859 cultus
1169 2802 1205 2858 et
1220 2786 1420 2877 vinearum,
1438 2786 1555 2883 majo·

489 2928 570 2974 rum
587 2919 623 2975 et
639 2902 868 2975 servientium
888 2903 1119 3002 reprimendo
1144 2903 1387 3002 rapacitatem,
1403 2902 1556 2977 advoca-

491 3034 608 3090 tomm
631 3019 739 3091 etiam
755 3042 950 3117 pravorum
966 3010 1209 3117 importunam
1230 3017 1427 3092 refellendo
1444 3018 1554 3091 infes-

491 3136 676 3224 tationem,
704 3159 773 3234 pro
796 3160 870 3232 quo
891 3134 1007 3207 multa
1027 3135 1064 3205 in
1088 3134 1246 3207 novitate
1266 3136 1406 3207 nostra¹
1419 3135 1554 3207 militiae

491 3249 614 3322 usibus
632 3250 880 3348 expendimus,
899 3248 986 3323 illuc
1001 3274 1115 3348 usque
1128 3254 1207 3323 Deo
1226 3266 1406 3323 annuente
1424 3249 1555 3350 perdu-

489 3366 620 3453 ximus,
639 3380 692 3458 ut,
715 3391 799 3438 cum
817 3364 1042 3464 temporibus
1063 3381 1327 3440 antecessorum
1344 3380 1552 3440 nostrorum

491 3482 617 3554 fratres
629 3482 743 3555 nostri
759 3482 806 3554 ad
815 3507 906 3582 opus
919 3483 1083 3580 coquinae
1095 3481 1228 3556 cotidie
1243 3484 1403 3581 quinque
1417 3481 1552 3556 solidos

489 3596 624 3670 babere
647 3600 805 3671 contenti
825 3597 988 3689 fuissent,
1018 3597 1063 3670 dc
1089 3597 1405 3698 superabundante
1433 3601 1549 3673 incre·

490 3728 614 3785 mento
636 3714 735 3786 omni
765 3712 822 3786 die
847 3713 936 3785 alios
952 3714 1123 3811 quinque,
1143 3728 1179 3787 et
1200 3714 1285 3787 feria
1305 3716 1430 3812 quinta
1442 3732 1549 3815 atque

489 3826 640 3900 sabbato
655 3826 931 3926 quatuordecim
948 3853 1014 3927 pro
1029 3843 1122 3920 tcto,
1139 3828 1428 3925 irrefragabiliter
1442 3831 1549 3904 refec-

491 3943 578 4015 tioni
602 3946 752 4018 fratrum
772 3946 958 4043 recipiant.
982 3950 1026 4017 Et
1046 3945 1147 4043 quod
1162 3945 1283 4018 adbuc
1301 3945 1356 4017 his
1371 3962 1544 4047 superest,

529 4225 560 4283 l.
600 4235 679 4280 trus.
698 4220 766 4280 cod.

528 4317 557 4371 2.
571 4226 678 4373 illustra
690 4313 757 4374 cod.
778 4333 833 4374 ms.
851 4325 880 4374 et
895 4311 968 4374 edit.
990 4312 1096 4374 Chesu.
1113 4347 1153 4359 -
1166 4319 1290 4386 Nostra,
1306 4312 1391 4396 juxta
1409 4312 1547 4375 Felibieni

486 4407 727 4469 emendationem.
