3742 5667
465 805 522 864 tto
682 804 845 863 OEUVRES
865 796 1078 863 contentatis
1098 806 1147 861 DE
1167 804 1301 866 SUGER.

463 936 534 1009 Sed
550 959 633 1007 cum
658 957 743 1007 eum
774 941 969 1031 Augustum
988 936 1240 1035 imperatorem
1263 938 1532 1023 constituisset,

464 1053 632 1123 Romanis
644 1052 900 1143 resistentibus,
915 1076 1041 1150 pacem
1057 1052 1232 1139 obtinere,
1255 1058 1359 1125 Petro
1391 1052 1532 1123 Leonis

462 1168 617 1260 vivente,
637 1192 710 1239 non
720 1168 849 1264 potuit.
868 1168 939 1241 Sed
954 1193 1037 1240 cum
1053 1174 1178 1241 Petrus
1191 1170 1315 1241 leonis
1332 1169 1377 1240 de
1397 1168 1531 1240 medio

463 1282 620 1374 abiisset,
646 1306 733 1382 pace
759 1284 935 1375 Ecclesiae,
965 1299 1045 1382 post
1070 1283 1214 1380 longam
1231 1284 1530 1372 fluctuationem,

463 1414 545 1499 post
570 1398 727 1471 diutinos
754 1414 789 1471 et
808 1423 901 1499 pene
925 1401 1192 1498 consumptivos
1220 1398 1421 1495 languores,
1448 1397 1523 1469 Dei

463 1515 595 1588 auxilio
618 1517 796 1601 restituta,
823 1515 992 1588 dominus
1016 1540 1106 1613 papa
1122 1515 1213 1588 felici
1232 1540 1395 1589 successu
1412 1540 1518 1587 sanc-

464 1632 637 1703 tissimam
665 1629 873 1703 cathedram
903 1631 984 1703 vitae
1017 1646 1052 1703 et
1079 1630 1186 1703 oflicii
1218 1632 1349 1704 merito
1385 1629 1531 1703 nobili·

464 1748 563 1818 tavit.

513 1864 734 1959 Jamjamque
769 1862 937 1934 dominus
962 1885 1022 1933 rex
1043 1862 1258 1954 Ludovious,
1284 1876 1318 1933 et
1340 1885 1524 1960 corporeae

465 1978 645 2073 gravitatis
654 1977 750 2049 mole
765 1993 799 2048 et
811 1975 976 2049 laborum
993 1978 1201 2049 continuato
1220 1977 1352 2050 sudore
1364 1977 1527 2075 aliquan·

464 2096 577 2191 tisper
591 2093 733 2185 fractuS,
752 2093 969 2165 uthumanae
982 2092 1240 2191 complexionis
1253 2117 1334 2165 mos
1352 2107 1418 2183 est,
1436 2117 1521 2165 cor-

466 2233 554 2307 pore
572 2233 645 2280 non
656 2209 778 2281 animo
792 2207 1009 2300 deficiebat¹,
1029 2233 1113 2281 cum
1130 2224 1250 2282 tamen
1267 2210 1295 2281 si
1315 2208 1401 2306 quid
1415 2209 1521 2303 regiae

465 2324 656 2420 majestati¹
673 2324 921 2423 importunum
941 2347 1006 2421 per
1020 2324 1227 2397 universum
1240 2348 1390 2420 reguum
1411 2348 1525 2395 emer-

467 2454 578 2535 geret,
589 2440 746 2511 inultum
760 2439 860 2512 nullo
875 2440 987 2513 modo
1000 2440 1181 2538 preterire
1198 2440 1398 2513 sustineret.
1407 2444 1526 2510 Tantae

509 2666 536 2721 l.
551 2662 705 2742 Reliquam
717 2662 802 2737 hujus
823 2666 920 2747 operis
940 2678 1052 2746 partem
1068 2666 1208 2727 lectiones
1227 2664 1359 2743 septima,
1377 2676 1477 2723 octava
1499 2676 1529 2723 et

467 2772 556 2827 nona,
569 2754 600 2814 in
612 2756 807 2817 anniversario
820 2759 896 2837 regis
908 2758 1048 2819 Ludovici
1059 2757 1158 2821 Grossi
1171 2759 1311 2841 dicende,
1329 2757 1529 2835 complectun-

468 2858 527 2906 tur.
546 2854 584 2906 m
605 2850 726 2929 septima
747 2851 794 2909 his
812 2852 906 2911 verbis
924 2850 1045 2931 incipit,
1064 2850 1133 2910 folio
1156 2850 1324 2911 intercalari
1343 2852 1451 2911 codicis
1470 2854 1528 2910 dlss

468 2941 632 3023 inscriptis:
655 2970 669 2997 ι
686 2944 836 3006 Gloriosus
849 2944 939 3023 igitur
950 2957 979 3005 et
993 2946 1117 3004 famosus
1131 2965 1184 3004 rex
1201 2950 1377 3005 Francorum
1398 2943 1529 3003 Ludori-

471 3059 485 3089 ι
508 3055 571 3106 cus,
590 3035 667 3114 regis
685 3037 828 3115 magnifici
843 3038 969 3119 Philippi
988 3039 1074 3119 filius,
1087 3038 1161 3097 altus
1179 3038 1329 3119 puerulus,
1346 3040 1464 3117 antiqua
1479 3058 1528 3097 re-

472 3154 486 3182 «
509 3148 578 3206 gum
589 3130 692 3188 Karoli
704 3130 801 3209 magni
813 3143 843 3191 et
858 3130 981 3191 aliorum
995 3132 1231 3191 excellentiorum
1249 3132 1305 3191 hoc
1323 3132 1418 3211 ipsum
1437 3144 1530 3191 testa·

473 3247 487 3274 ι
509 3222 612 3281 mentis
626 3223 824 3302 imperialibus
841 3225 1053 3285 testificantium
1069 3228 1288 3301 consuetudine,
1303 3227 1379 3307 apud
1399 3236 1532 3285 sanctum

472 3339 487 3369 ι
510 3316 679 3391 Dyonisium
692 3330 771 3376 tanta
786 3332 815 3377 et
827 3320 909 3397 quasi
927 3320 1023 3378 nativa
1037 3320 1190 3381 dulcedine
1206 3321 1276 3401 ipsis
1294 3320 1400 3380 sanctis
1417 3332 1532 3397 marty·

474 3433 487 3460 ι
510 3408 590 3467 ribus
604 3408 720 3488 suisque
738 3410 874 3485 adhaesit,
889 3431 980 3490 usqne
998 3414 1072 3472 adeo
1088 3426 1119 3471 ut
1136 3412 1263 3472 innatam
1282 3433 1298 3470 a
1317 3406 1409 3492 puero
1428 3430 1532 3471 eorum

472 3526 487 3553 ι
511 3500 635 3559 ecclesiae
651 3502 807 3562 amicitiam
826 3515 886 3562 toto
908 3517 1038 3585 tempure
1052 3506 1117 3565 vitae
1135 3526 1192 3565 suae
1210 3506 1298 3565 multa
1313 3504 1487 3565 liberalitate
1502 3514 1533 3561 et

473 3618 486 3648 ι
509 3594 727 3655 honoriticentia
748 3596 942 3671 continuaret,
959 3612 987 3658 et
1005 3600 1034 3659 in
1056 3600 1122 3673 line,
1139 3617 1248 3658 summe
1267 3610 1332 3677 post
1350 3602 1443 3657 Deum
1461 3618 1532 3679 spe·

473 3713 486 3744 a
511 3708 589 3760 rans,
606 3689 643 3747 ab
658 3689 700 3749 eis
712 3690 836 3770 seipsum
850 3704 880 3751 et
896 3712 1021 3773 corpore
1035 3707 1063 3752 et
1077 3694 1183 3771 anima,
1203 3706 1234 3752 ut
1246 3692 1269 3752 si
1289 3692 1350 3751 fieri
1365 3704 1463 3771 posset
1478 3692 1534 3751 ibi-

473 3807 487 3835 «
510 3782 575 3841 dem
588 3783 746 3842 monachus
759 3786 933 3858 efficerem,
948 3787 1128 3846 devotissime
1137 3785 1324 3846 deliberando
1335 3785 1529 3846 contraderet.

474 3899 487 3932 ι
511 3876 567 3951 Qui
580 3890 646 3956 post
666 3878 849 3939 tricenariam
868 3880 987 3958 gloriosi
1008 3882 1090 3960 regni
1109 3887 1285 3941 Francorum
1305 3880 1532 3940 administratio-

473 3996 488 4025 «
511 3991 589 4042 nem,
603 3971 745 4031 illustrem
759 3972 945 4033 ecclesiarum
962 3973 1171 4050 defensionem,
1188 3974 1352 4035 continuam
1371 3993 1531 4054 pauperum

475 4088 490 4119 ι
512 4077 541 4123 et
560 4064 758 4143 orphanorum
778 4064 944 4141 tuitionem,
962 4081 995 4127 ut
1015 4067 1148 4127 humanae
1167 4067 1373 4149 complexionis
1392 4086 1454 4125 mos
1474 4079 1529 4138 est,

474 4184 490 4212 ι
511 4178 657 4239 corporeae
671 4161 819 4238 gravitatis
829 4161 904 4220 mole
916 4174 946 4221 et
958 4161 1089 4220 laborum
1103 4160 1268 4221 continuato
1280 4163 1386 4221 sudore
1397 4160 1532 4238 aliquau-

474 4277 489 4307 ι
512 4251 601 4330 tisper
621 4253 738 4325 fractus,
759 4274 882 4334 corpore
900 4275 961 4314 non
981 4254 1077 4313 animo
1095 4252 1297 4315 deficiebat...
1319 4278 1333 4307 »
1354 4254 1482 4325 Deinde,
1499 4266 1532 4313 ut

470 4344 533 4424 ipse
546 4344 618 4404 tom
638 4356 743 4406 textus.
766 4350 809 4406 De
831 4347 910 4406 hisce
928 4346 1100 4407 lectionibus
1113 4367 1209 4427 quare
1221 4350 1319 4429 supra,
1334 4347 1365 4407 in
1381 4346 1532 4406 Introduc-

477 4438 570 4512 tione,
584 4452 613 4497 et
630 4442 708 4519 apud
726 4444 849 4501 lllarten.
866 4446 964 4519 Anipl.
990 4444 1072 4515 cett,
1094 4454 1114 4499 t.
1135 4442 1299 4523 1v‚praet.,
1315 4462 1345 4523 p.
1361 4462 1474 4502 xxxvu.

515 4540 547 4599 Ω.
565 4540 743 4612 Majestatis,
759 4541 907 4612 mendose,
923 4539 970 4598 ed.
987 4538 1133 4601 Benedici.
