3742 5667
625 847 687 903 vlu
708 848 758 903 llll
779 848 888 905 touls
911 848 957 905 LE
973 847 1080 905 Gaos,
1338 850 1375 907 69

308 980 411 1065 tras¹,
429 978 565 1075 praelati
581 978 728 1050 lionoris
741 977 929 1078 oppidum,
951 978 1182 1052 audacissime
1200 980 1375 1051 accelera·

308 1095 374 1165 rit.
393 1093 497 1165 Unde
513 1093 679 1165 meliores
691 1106 792 1165 terrae
807 1118 869 1193 spe
886 1088 1104 1167 liberallitatis
1116 1118 1186 1166 suae
1196 1109 1233 1166 et
1245 1119 1375 1193 appro-

310 1206 402 1279 batae
418 1208 704 1282 mausuetudinis
722 1208 790 1280 sibi
805 1208 979 1300 alliciens,
997 1214 1107 1282 nota'
1131 1209 1326 1308 tyrannidis
1341 1225 1376 1281 et

310 1322 534 1396 crudelitatis
553 1322 749 1396 formidine
769 1324 887 1423 eripit.
907 1328 1071 1423 Cumque
1086 1324 1136 1397 ibi
1159 1348 1224 1423 per
1239 1325 1378 1423 aliquot

309 1436 388 1509 dies
403 1437 610 1511 alternatim
627 1443 732 1535 Hugo
751 1454 790 1512 ut
800 1438 963 1532 haberet,
983 1464 1046 1511 rex
1062 1454 1191 1512 utnon
1208 1440 1372 1529 haberet,

309 1570 559 1627 concertantes
596 1555 892 1648 demorarentur,
926 1558 1098 1653 quoniam
1130 1556 1198 1629 alia
1239 1556 1375 1629 fallacia

308 1669 418 1742 aliam
434 1670 548 1743 trudit
556 1674 580 1761 ⁸,
611 1672 678 1742 hac
698 1676 802 1767 Hugo
823 1671 1009 1745 deluditur
1028 1672 1182 1764 cautela,
1203 1671 1375 1769 quoniam

309 1786 476 1859 consulte
493 1789 623 1860 assistit
655 1787 741 1860 lllilo
765 1786 810 1859 de
828 1788 943 1879 Braio,
963 1788 1057 1862 filius
1074 1790 1193 1885 magni
1209 1789 1372 1861 Milonis:

310 1902 372 1997 11111
391 1902 475 1997 jure
496 1901 724 1975 hereditario
755 1901 932 1975 honorem
954 1920 1131 2003 repetens,
1162 1904 1376 2002 provolutus

310 2018 403 2111 regis
420 2016 599 2116 pedibus‘,
612 2018 700 2090 llens
712 2033 746 2090 et
764 2019 913 2115 ejulans,
932 2020 1056 2092 multis
1072 2019 1239 2119 precibus
1258 2019 1376 2118 pulsat

310 2157 446 2228 regem,
464 2134 584 2231 pulsat
605 2134 841 2224 consiliarios,
863 2148 966 2231 rogat
986 2135 1195 2233 suppliciter
1219 2149 1259 2206 ut
1281 2134 1375 2229 regia

310 2247 558 2321 munificentia
575 2250 752 2322 honorem
771 2250 910 2343 reddat,
929 2267 1115 2350 paternam
1131 2249 1376 2323 haereditatem

310 2364 488 2455 restituat,
498 2380 670 2463 tanquam
680 2391 824 2437 servum
837 2381 897 2438 aut
909 2366 1125 2464 inquilinum
1140 2365 1306 2463 deinceps
1315 2365 1377 2435 ha·

309 2479 406 2567 beat,
420 2505 492 2578 pro
505 2480 689 2554 voluntate
707 2497 840 2554 utatur.
862 2483 972 2579 Cujus
984 2481 1129 2577 lugubri
1142 2480 1376 2580 postulationi

309 2620 370 2668 rex
387 2596 695 2687 condescendens,
715 2599 836 2670 accitis
850 2598 1050 2698 oppidanis,
1061 2599 1138 2695 jam
1153 2600 1262 2669 etiam
1275 2597 1377 2668 11110-

308 2735 395 2784 nem
415 2712 610 2785 domiuum
628 2714 803 2803 offerens,
828 2715 875 2786 ita
899 2740 960 2786 eos
981 2714 1027 2786 ab
1047 2714 1148 2786 omni
1165 2712 1262 2785 illata
1281 2728 1377 2784 retro

309 2825 474 2899 molestia
492 2841 637 2926 pacatos
655 2829 863 2901 exhilaravit
871 2833 894 2920 ⁸,
909 2855 950 2901 ac
967 2830 995 2901 si
1011 2830 1134 2901 lunam
1148 2845 1183 2901 et
1200 2828 1318 2901 stellas
1328 2827 1379 2897 eis

309 2949 452 3022 coelitus
461 2947 1378 3047 demisisset.Necmora,cumsubitollugonemexire

310 3067 540 3164 praecipiunt,
557 3067 585 3138 si
601 3091 676 3139 non
693 3065 861 3138 citissime
876 3080 994 3155 exeat,
1009 3066 1220 3139 citissimum
1233 3064 1379 3137 exitium

309 3180 556 3277 promittunt;
585 3196 711 3253 contra
742 3180 944 3253 naturalem
970 3181 1159 3252 dominum
1175 3204 1243 3251 nec
1268 3178 1378 3250 fidem

311 3319 378 3367 neo
394 3298 672 3387 saci-amentum,
685 3297 747 3369 sed
760 3297 962 3395 potentiam
975 3312 1037 3367 aut
1055 3296 1305 3395 impotentiam
1319 3319 1378 3364 aa·

312 3407 386 3482 lere
407 3413 603 3486 minantur.
633 3416 715 3500 Quo
732 3411 969 3510 stupefactus⁸
990 3416 1094 3507 Hugo
1112 3411 1233 3506 lugam
1254 3409 1347 3507 rapit
1367 3436 1377 3500 ;

315 3540 350 3597 et
362 3552 400 3600 se
420 3530 585 3619 evasisse,
602 3552 677 3599 non
689 3552 750 3600 sua
763 3528 920 3599 amisisse
935 3543 1117 3625 reputans,
1129 3551 1197 3625 pro
1213 3548 1378 3598 momen-

353 3811 386 3866 1.
399 3803 494 3885 Vulgo
505 3806 636 3874 cauves,
648 3822 699 3863 seu
711 3808 848 3882 Arpagon
863 3803 1113 3885 (Seiae-et-Oise).

354 3902 385 3958 Ξ.
398 3902 474 3957 Nota
484 3916 585 3956 omnes
596 3897 696 3969 codd,
709 3917 743 3955 ac
750 3898 817 3957 edd.
830 3899 930 3957 Germ.
945 3896 1127 3959 etBenedict.
1140 3928 1182 3942 -
1193 3899 1279 3967 Vota,
1291 3893 1376 3968 male,

316 3990 363 4049 ed.
376 3990 481 4051 chesn.
497 4023 537 4035 -
548 3996 628 4050 Note
638 3990 713 4049 torte
726 3989 893 4068 legendum.

358 4087 376 4143 ³
379 4108 785 4145 ........
828 4087 987 4141 Fallaciam

435 4178 507 4233 Alm
522 4180 613 4233 aliam
629 4178 720 4235 trudit
761 4203 989 4237 .....

770 4268 897 4329 Terentii
915 4274 1038 4342 Andria,
1051 4282 1108 4330 act.
1125 4274 1229 4341 1v‚sc.
1248 4270 1277 4329 11.

357 4368 387 4427 11.
402 4370 567 4424 Provolutus
579 4366 696 4445 genibus
707 4369 756 4429 ed.
772 4369 877 4428 Chesn.

357 4462 387 4518 5.
405 4462 447 4517 lta
460 4459 590 4537 quinque
601 4460 689 4520 codd.
703 4494 742 4505 -
754 4462 910 4519 Exhilarat
922 4460 990 4521 edd.

360 4556 388 4613 6.
402 4558 540 4629 Stupaues
554 4556 624 4624 aas,
640 4564 666 4611 et
678 4552 746 4616 edd.
760 4554 866 4614 Chesn.
879 4574 913 4612 ac
926 4556 1026 4613 Germ.
