3742 5667
610 825 673 882 vlt
693 826 743 882 DE
762 825 873 885 LOUIS
891 827 941 884 LE
960 824 1068 886 GROS.
1332 831 1370 886 39
1442 908 1449 924 .

309 967 359 1044 ct,
370 953 470 1050 quod
484 955 585 1028 dictu
592 957 691 1028 nefas
699 973 764 1048 est,
776 958 894 1057 ipsum
908 959 1017 1030 etiam
1029 957 1219 1033 dominum
1226 985 1369 1060 papam

310 1085 383 1142 tam
401 1070 548 1168 pluviali
561 1095 671 1170 quam
689 1089 818 1172 mytra,
838 1098 922 1146 cum
941 1099 1174 1173 quecumque
1199 1077 1371 1150 deferret¹

308 1186 479 1282 insignia¹
492 1189 721 1286 apostolatus,
741 1215 814 1263 non
827 1191 960 1262 veritus
979 1190 1018 1262 in
1028 1191 1208 1264 Cinistum
1226 1193 1373 1266 Domini

309 1303 453 1375 mittere
477 1309 640 1396 manum,
674 1304 827 1405 superbe
846 1304 1011 1405 spoliavit
1026 1333 1035 1376 ε
1052 1307 1254 1406 multasque
1280 1309 1375 1380 inse·

309 1420 407 1490 rens'
419 1419 581 1515 injurias,
597 1445 664 1493 nec
681 1445 765 1493 eum
779 1445 846 1493 nec
862 1445 958 1513 suos,
985 1423 1098 1495 multo
1122 1422 1302 1495 dedecore
1324 1423 1376 1494 af-

312 1533 450 1628 fimens,
467 1533 615 1624 dimisit,
634 1536 751 1609 donec
771 1536 818 1609 ad
833 1537 970 1634 praesati
984 1539 1079 1636 pacti
1098 1538 1315 1612 solutionem
1338 1554 1374 1610 et

312 1650 440 1722 exinde
452 1651 537 1724 facti
551 1650 727 1750 privilegii
744 1652 986 1726 redditionem
1001 1655 1129 1751 coegit.
1144 1655 1250 1728 atiud
1266 1656 1376 1728 etiam

310 1763 356 1836 de
370 1790 486 1840 mann
513 1766 652 1842 domini
669 1791 783 1867 papae,
813 1785 852 1840 ut
878 1769 1048 1868 deinceps
1073 1771 1270 1861 investiret,
1297 1795 1375 1842 sur·

308 1882 499 1979 reptitium
524 1883 750 1981 privilegium
772 1885 932 1976 extorsit,
960 1885 1060 1982 quod
1086 1886 1184 1959 idem
1207 1885 1378 1958 dominus

309 2000 418 2097 papa·
437 1999 477 2070 in
489 2023 622 2096 magno
641 1999 794 2072 concilio
816 2015 1063 2074 trecentorum
1089 2014 1126 2074 et
1150 2026 1194 2074 eo
1222 2001 1377 2098 amplius

309 2115 577 2213 episcoporum,
586 2114 724 2213 judicio
739 2115 907 2208 ecclesiae,
924 2116 1030 2189 nobis
1045 2116 1285 2207 audientibus,
1294 2139 1378 2188 con·

309 2233 493 2329 quassavit
522 2246 558 2304 et
580 2233 729 2330 perenni
746 2230 974 2306 anathemate
995 2234 1033 2304 in
1052 2232 1194 2305 irritum
1219 2231 1374 2304 reduxit.

309 2351 444 2418 Verum
458 2346 487 2417 si
499 2348 624 2444 quaerit
638 2347 731 2445 quis,
748 2371 857 2444 quare
870 2346 1039 2420 dominus
1051 2345 1184 2446 [papa]⁸
1198 2347 1248 2418 ita
1257 2345 1379 2444 tepide

311 2462 449 2553 iecerit,
466 2463 607 2534 noverit
621 2463 706 2560 quia
721 2461 883 2554 ecclesia,
902 2487 1072 2560 percusso
1079 2479 1229 2561 pastore
1245 2475 1281 2533 et
1302 2463 1377 2534 col·

312 2576 534 2667 lateralibus,
555 2577 771 2674 languebat3
792 2593 829 2650 et
858 2604 951 2677 pene
971 2603 1050 2650 eam
1075 2594 1248 2676 tyrannus
1272 2576 1380 2649 ancil-

312 2693 401 2784 Ltns,
415 2695 592 2792 quianon
613 2709 689 2766 erat
703 2697 765 2792 qui
778 2695 970 2785 resisteret,
999 2710 1171 2792 tanquam
1195 2694 1380 2792 propriam

315 2809 527 2908 occupabat.
558 2811 639 2883 Cur
665 2826 804 2884 certum
836 2811 928 2883 tacto
954 2809 1055 2882 dedit
1081 2811 1378 2908 experimentum,

316 2925 429 3023 quud⁷
441 2949 528 2997 cum
545 2925 671 2998 fratres
688 2926 845 2999 ecclesiae
854 2926 1053 3016 columnas,
1072 2924 1119 2997 ad
1134 2926 1323 2997 tuitionem
1343 2939 1381 2996 et

320 3041 470 3114 ecciesiae
483 3043 760 3140 reparationem,
769 3042 1115 3140 quomodocumque
1130 3040 1378 3128 solviiecisset,

321 3181 513 3256 pacemque
540 3158 694 3230 ecclesiae
722 3159 1023 3257 qualemcumque
1056 3157 1297 3245 reformasset,
1333 3153 1379 3226 ad

323 3273 505 3346 heremum
534 3272 737 3346 solitudinis
775 3274 956 3370 confugit;
994 3295 1204 3368 moramque
1243 3270 1380 3342 ibidem

324 3404 527 3488 perpetuam
544 3388 697 3480 fecisset,
719 3391 748 3461 si
764 3389 973 3464 universalis
984 3387 1138 3460 ecclesiae
1152 3401 1188 3458 et
1200 3388 1381 3457 Romano-

325 3505 583 3578 rumviolentia
595 3522 761 3579 coactum
778 3531 852 3579 non
876 3506 1085 3579 reduxisset.
1112 3508 1246 3574 Verum
1256 3499 1381 3573 Domi-

363 3801 390 3857 1.
411 3799 538 3873 Cuntque
558 3799 684 3874 deferret
706 3797 775 3858 133.
796 3827 834 3839 -
850 3797 956 3870 Defert
977 3797 1052 3867 313,
1072 3796 1147 3869 1311,
1166 3790 1292 3870 itemque
1312 3788 1381 3853 edd.

331 3891 418 3951 Germ
433 3903 463 3950 et
475 3890 582 3952 Chesn.

366 3987 393 4042 1.
413 3984 579 4062 Insignibus
607 3982 761 4061 legendum
782 4000 845 4042 esse
865 3980 1031 4042 existimant
1047 3979 1238 4042 Benedictini.
1262 3982 1301 4038 tt
1321 3996 1382 4037 non

334 4091 388 4158 eget
399 4091 493 4138 textus
505 4078 560 4140 ista
572 4077 762 4139 correctione.

367 4176 395 4233 3.
416 4177 503 4231 Deest
517 4170 684 4249 inserensin
696 4171 763 4231 cod.
777 4173 836 4231 135
850 4189 884 4229 ac
899 4170 930 4230 iu
944 4171 1010 4231 edd.
1026 4173 1126 4230 Germ.
1142 4183 1172 4229 et
1182 4169 1289 4231 Chesn.

369 4271 396 4326 t.
417 4269 500 4344 Papa
519 4265 627 4325 omittit
644 4268 714 4328 133.
743 4263 820 4324 Illud
839 4263 992 4324 concilium
1013 4276 1056 4323 est
1080 4263 1238 4324 secundnm
1262 4267 1387 4323 Intera-

339 4379 425 4434 nense,
438 4381 516 4420 anno
533 4363 610 4420 titt
624 4359 767 4438 habitum,
784 4379 881 4422 mense
893 4358 1008 4419 martio.

371 4455 398 4514 5.
419 4459 502 4532 Papa
515 4441 591 4513 inier
601 4454 720 4512 uncinos
734 4454 872 4528 adjiciunt
883 4454 992 4514 Bened.

373 4549 399 4605 6.
421 4549 474 4608 Cui
487 4553 591 4605 etenim
605 4546 685 4605 solus
699 4549 790 4608 5925.
805 4580 845 4593 -
860 4550 889 4609 7.
913 4551 1054 4624 Quoniam
1068 4543 1126 4622 legi
1149 4543 1254 4604 sciunt
1275 4542 1386 4607 Bened.
