3742 5667
547 762 606 819 aas
763 760 932 819 osuvars
953 741 1169 819 courtisans
1189 762 1240 818 nn
1259 761 1394 821 suom.

546 893 737 994 participes
771 890 864 964 effici
889 906 967 965 toto
987 890 1116 964 allectu
1138 892 1393 985 desiderantes,
1422 895 1521 991 quasi
1537 918 1607 993 pro

547 1010 647 1102 dote,
662 1010 753 1082 sicut
770 1008 861 1082 solet
880 1006 972 1101 lieri,
994 1006 1042 1080 ad
1059 1032 1229 1106 expensas
1245 1008 1484 1081 emendorum
1497 1010 1605 1083 lumi-

546 1128 747 1218 nariorum,
766 1124 921 1223 plateam
934 1123 1117 1222 quandam
1134 1124 1318 1197 cimeterio
1334 1123 1605 1199 collimitantem

544 1242 644 1341 juxta
660 1240 844 1314 ecclesiam
868 1241 980 1313 sancti
998 1240 1192 1333 Michaelis,
1216 1265 1325 1337 quam
1341 1256 1473 1338 quater
1483 1243 1607 1339 viginti

547 1357 648 1431 libris
682 1381 702 1429 a
731 1356 918 1430 Willelmo
945 1355 1164 1429 Comeilensi
1197 1380 1414 1448 emeramus,
1447 1358 1607 1456 ejusdem

545 1467 763 1547 contulimus
778 1472 956 1564 oratoriis,
972 1488 1014 1545 ut
1029 1471 1066 1543 in
1083 1472 1340 1571 sempiternum
1357 1471 1444 1545 inde
1459 1498 1606 1548 censum

546 1584 716 1662 babeant.
743 1591 797 1659 De
819 1587 976 1659 termino
1000 1610 1087 1659 vero
1108 1586 1185 1660 baec
1210 1603 1264 1661 est
1283 1588 1445 1661 ueritatis
1469 1592 1606 1664 consis-

546 1704 669 1794 tentia,
682 1703 771 1777 sicut
785 1702 927 1798 legitur,
944 1702 973 1774 si
988 1717 1109 1774 tamen
1118 1724 1193 1774 non
1211 1700 1436 1794 obscuretur,
1449 1705 1487 1776 in
1497 1728 1605 1778 aureo

546 1833 797 1917 superponas,
812 1842 900 1915 quas
910 1817 956 1889 ad
969 1817 1145 1889 honorem
1158 1817 1221 1889 Dei
1236 1834 1273 1891 et
1283 1833 1491 1892 sanctorum
1502 1819 1608 1906 dmu-

545 1948 640 2007 ratas
657 1933 735 2007 fieri
750 1934 912 2025 fecimus,
932 1933 1115 2032 epitaphio
1132 1958 1141 2004 ε

624 2145 726 2203 Annus
738 2138 908 2201 millesimus
922 2151 1064 2200 centenus
1077 2150 1107 2199 et
1118 2138 1320 2219 quadragenos

664 2236 768 2293 Annus
779 2244 841 2293 erat
853 2230 953 2304 Verbi,
968 2231 1086 2310 quando
1097 2242 1210 2292 sacrata
1220 2230 1288 2293 luit.

595 2395 707 2493 Igitur
725 2409 809 2494 post
832 2393 943 2481 illam,
966 2418 1046 2492 quae
1066 2393 1260 2491 majestatis
1278 2418 1428 2467 summae
1452 2394 1604 2494 opitula-

546 2510 644 2584 tione
657 2512 694 2584 in
713 2510 890 2585 anteriore
905 2525 1008 2611 parte
1028 2509 1075 2584 de
1098 2511 1257 2584 oratorio
1273 2511 1384 2584 sancti
1402 2511 1556 2584 Romani
1571 2527 1607 2584 et

546 2628 700 2701 aliorum
726 2628 907 2704 celebrata
933 2644 1000 2721 est,
1029 2630 1351 2720 consecrationem,
1380 2644 1507 2704 nostra
1531 2655 1603 2729 qua

546 2758 622 2817 tam
652 2770 694 2818 ex
716 2746 793 2845 ipsa
819 2749 876 2817 sul
908 2745 1144 2846 prosperitate
1173 2744 1403 2818 animabatur
1441 2744 1600 2838 devotio,

546 2883 657 2957 quam
672 2862 747 2960 ipsa
764 2862 858 2935 circa
873 2862 1105 2934 Sanctorum¹
1124 2876 1225 2934 tanto
1242 2876 1405 2961 tempore
1419 2875 1494 2933 tam
1510 2861 1604 2934 into·

545 2974 738 3049 lerabiliter
752 2975 982 3077 opprimebat
993 2976 1202 3067 coarctatio,
1223 2992 1351 3050 votum
1368 2990 1535 3050 nostrum
1545 2975 1607 3049 illo

545 3093 724 3166 convertit
752 3117 760 3162 :
798 3107 841 3165 ut
863 3092 1012 3192 praefato
1044 3107 1210 3167 vacantes
1235 3092 1351 3193 operi,
1380 3094 1606 3191 turriumque

546 3206 745 3281 differendo
758 3210 1049 3308 prosecutionem
1059 3209 1098 3282 in
1114 3209 1289 3309 superiori
1301 3224 1417 3309 parte,
1434 3232 1605 3306 augmen·

545 3323 674 3397 talioni
694 3324 818 3398 matris
840 3324 996 3398 ecclesiae
1010 3346 1159 3424 operam
1176 3340 1213 3398 et
1231 3326 1433 3425 impensam
1447 3348 1516 3424 pro
1531 3338 1607 3397 toto

546 3464 663 3539 posse,
683 3466 751 3542 pro
767 3442 960 3540 gratiarum
984 3442 1139 3535 actione,
1153 3467 1198 3515 eo
1216 3441 1318 3541 quod
1337 3440 1476 3515 tantillo
1489 3455 1607 3515 tanto

546 3581 629 3629 rum
648 3581 772 3654 regum
786 3572 822 3631 et
839 3557 1014 3631 abbatum
1038 3558 1218 3632 nobilitati
1240 3558 1447 3632 succedenti
1467 3572 1608 3631 tantum

546 3698 637 3773 opus
667 3674 788 3749 divina
816 3674 976 3771 dignatio
1007 3692 1235 3768 reservasset,
1268 3700 1380 3775 quam
1407 3675 1605 3768 decentius,

547 3813 656 3889 quam
678 3789 864 3887 gloriosius
886 3790 1146 3864 rationabiliter
1156 3792 1252 3866 effici
1266 3807 1401 3891 posset,
1418 3790 1499 3866 fieri
1515 3791 1607 3863 inni-

548 3920 718 3981 teremur.
741 3908 1014 3981 Communicato
1031 3907 1208 4006 siquidem
1231 3934 1316 3981 cum
1335 3906 1507 3982 lintribus
1524 3931 1607 3980 nos·

548 4022 614 4097 tris
632 4021 727 4097 benc
753 4022 895 4097 devotis
916 4024 1087 4117 consilio,
1110 4049 1268 4123 quorum
1291 4052 1353 4099 cor
1371 4022 1505 4097 ardens
1524 4039 1604 4095 erat

548 4136 592 4213 dc
608 4145 693 4213 lesu
708 4137 792 4212 dum
810 4138 1011 4239 loqueretur
1023 4143 1075 4215 eis
1085 4143 1218 4235 invia',
1235 4141 1307 4215 hoc
1319 4145 1397 4215 Deo
1412 4140 1607 4240 inspirante

590 4406 620 4466 l.
637 4404 723 4467 Forte
737 4410 801 4484 ipsd
813 4405 883 4465 curat
894 4418 1066 4481 sanctorum,
1080 4364 1147 4484 quos
1159 4401 1344 4485 (benedictn)

591 4501 623 4563 2.
644 4501 727 4559 Lucoe
744 4500 868 4581 Erang„
884 4517 966 4573 xxm,
981 4502 1030 4562 ³2.
1074 4536 1079 4546 ·
