3742 5667
525 762 583 819 aaa
743 757 908 817 <novans
930 737 1144 817 concilians
1164 756 1216 812 nr
1236 754 1371 814 scona.

524 915 596 990 pue
620 905 740 963 tamen
756 914 822 991 pro
849 888 997 963 ecclesia
1011 888 1058 959 de
1081 885 1307 976 stivaliculis,
1335 910 1445 983 quam
1458 884 1496 955 in
1514 882 1583 955 lrac

525 1020 734 1106 tempestate
747 1005 971 1078 Bituricensis
987 1002 1142 1075 ecclesiae
1155 1001 1324 1075 monachi
1333 1000 1585 1097 agedunenses

525 1149 590 1221 per
599 1123 726 1195 laicam
739 1145 889 1193 manum
903 1117 1073 1217 fratribus
1086 1118 1218 1191 nostris
1230 1116 1277 1190 de
1288 1115 1432 1217 Capella
1446 1113 1584 1188 violen-

526 1256 579 1311 ter
593 1237 829 1329 abstulerunt,
848 1236 1083 1336 deprecamur
1098 1250 1138 1307 ut
1155 1233 1262 1305 nobis
1278 1258 1359 1305 earn
1377 1229 1584 1305 restituatis.

574 1353 682 1443 Quod
712 1352 742 1424 si
774 1353 810 1424 in
839 1376 880 1425 ea
906 1352 965 1449 jus
988 1350 1144 1423 clamant
1164 1349 1333 1439 investiti,
1361 1348 1475 1448 parati
1503 1357 1589 1419 sunt

527 1471 648 1543 iratres
669 1468 794 1560 nostri,
818 1468 1053 1540 conveniente
1076 1465 1233 1539 termino
1253 1490 1364 1563 quem
1383 1465 1434 1537 eis
1455 1486 1588 1562 posue-

525 1586 613 1676 ritis,
642 1582 791 1657 consilio
817 1598 943 1655 nostro
972 1580 1058 1653 inde
1081 1582 1252 1653 canonice
1282 1577 1516 1679 respondere.
1551 1576 1589 1647 Si

511 1715 646 1772 ¹autem
661 1700 839 1772 actionem
848 1698 947 1771 illam
962 1697 1088 1770 audire
1104 1696 1235 1795 placet,
1251 1694 1439 1794 quidinde
1454 1692 1590 1767 scilicet

526 1830 646 1888 actum
668 1815 713 1888 sit
739 1816 775 1887 in
801 1812 928 1887 diebus
947 1812 1208 1888 venerabilium
1232 1812 1591 1912 archiepiscoporum

525 1930 631 2003 bonae
657 1931 839 2003 memoriae
868 1929 1030 2026 Vulgrini
1065 1944 1102 2002 et
1137 1928 1303 2021 alberici,
1339 1953 1405 2028 per
1441 1924 1590 1999 eosdem

527 2046 650 2118 iratres
673 2060 814 2118 nostros
837 2044 978 2143 plenius
998 2045 1193 2140 agnoscite.
1222 2048 1272 2115 Ne
1293 2043 1339 2115 sit
1360 2040 1464 2115 vobis
1485 2039 1591 2113 oneri

526 2186 594 2260 pro
605 2162 711 2234 nobis
724 2160 1016 2258 elaborare,quia
1029 2161 1060 2233 si
1071 2161 1171 2233 locus
1182 2160 1336 2255 exigeret
1348 2158 1395 2231 ad
1407 2158 1592 2230 honorem

530 2292 564 2349 et
582 2278 765 2351 servitium
781 2291 939 2350 vestrum
952 2291 1094 2376 paratos
1110 2301 1178 2349 nos
1194 2276 1411 2349 inveniretis.
1431 2272 1557 2344 Valete
1566 2272 1589 2340 ¹.

616 2668 657 2714 11.
682 2667 730 2716 tn
750 2665 998 2727 Turonontcun
1018 2666 1269 2715 ffllilsslssllsssll
1290 2662 1500 2715 nrtscoeutt.

532 2929 625 3002 Suger
637 2924 728 2984 blame
740 2924 861 3003 divique
880 2932 1028 2986 a'Amiens
1038 2930 1147 2986 &avoir
1158 2947 1224 3002 recu
1237 2948 1272 2985 ou
1283 2930 1373 2985 laissa
1387 2946 1420 2984 ec
1431 2927 1592 2983 croirdans

568 3023 599 3075 la
612 3026 783 3078 comnrnnion
797 3023 848 3078 des
860 3020 960 3098 fideles
972 3025 1105 3099 Papostat
1118 3021 1221 3081 Robore
1230 3024 1267 3078 de
1279 3026 1364 3091 nove,
1386 3034 1413 3078 ee
1425 3019 1596 3097 Peagaged
1722 3054 1723 3099 ,

572 3116 692 3189 reparer
703 3128 772 3173 cette
785 3116 878 3191 faute.
1722 3116 1723 3155 l

1006 3275 1109 3357 (arar)

578 3486 799 3578 Venerabili,
825 3488 892 3560 Dei
918 3489 1048 3585 gratia,
1070 3488 1302 3562 Ambianensi
1327 3489 1498 3590 episcopo
1524 3490 1595 3583 T),

508 3602 699 3700 'sugerius
731 3604 827 3676 Beati
847 3604 1006 3702 Dionysii
1038 3602 1168 3697 abbas,
1195 3605 1348 3679 salutem
1371 3621 1409 3679 et
1432 3605 1602 3680 dilectio·

532 3742 631 3789 nem.

579 3837 670 3904 Vera
691 3831 847 3905 amicitia
867 3834 1019 3928 gravius,
1037 3836 1067 3906 si
1087 3852 1264 3934 oporteat,
1290 3838 1483 3909 convenire
1501 3860 1599 3911 con·

531 3947 645 4020 suevit
660 3948 804 4019 amicos.
823 3949 924 4021 Unde
941 3948 1123 4023 dilectioni
1139 3966 1262 4023 vestrae
1279 3952 1434 4047 graviter
1451 3953 1597 4053 impro-

532 4085 699 4160 peramus
723 4063 922 4136 Robertum
941 4063 988 4137 de
1011 4070 1117 4159 Bova,
1142 4066 1328 4140 hominem
1350 4066 1593 4160 diabolicum,

531 4284 537 4297 ’
572 4280 603 4335 l.
615 4276 798 4349 lGChesni0‚
811 4280 947 4355 Scriptor.
962 4280 1084 4338 distorta
1097 4286 1251 4355 Fraactca,
1274 4285 1325 4360 IV,
1342 4283 1597 4358 arta-aenea,

537 4374 641 4428 Rerum
654 4375 822 4448 gallicarum
835 4378 979 4450 scriptor„
994 4376 1060 4445 XV,
1074 4376 1143 4437 tal.

573 4466 604 4521 2.
618 4462 809 4529 Theodorico.
