3742 5667
735 789 914 848 curatas,
1292 789 1348 848 333

289 922 496 996 elemosinae
511 923 558 996 ad
582 921 875 994 sustentationem
898 943 1100 1019 pauperum
1124 919 1266 1008 Christi,
1283 944 1349 1019 pro

289 1040 453 1112 saluteac
465 1038 625 1112 remedio
634 1038 761 1109 animae
771 1061 871 1126 meae,
885 1036 920 1107 in
934 1050 1150 1134 perpetuum
1158 1035 1350 1108 tenendam

290 1151 546 1222 concessimus.
568 1153 611 1221 Et
632 1162 672 1219 ut
694 1147 764 1220 hoc
783 1161 902 1218 ratum
928 1145 1067 1236 existat,
1091 1145 1225 1244 scripto
1246 1169 1349 1218 man-

290 1263 369 1336 dari
386 1281 425 1337 et
439 1265 553 1364 sigillo
568 1279 693 1337 nostro
707 1262 913 1336 confirmari
932 1261 1114 1334 lecimus¹.

480 1655 545 1702 vlt.
573 1651 833 1701 'MUNERUM
849 1650 984 1698 SUGBMI
1001 1650 1153 1700 antarta.

294 1923 384 1996 Super
399 1917 514 1974 institue
538 1935 593 1973 truc
608 1933 697 1972 messe
712 1915 894 1990 quotidienne
911 1914 950 1968 du
968 1909 1181 1990 Salat-Esprae't,
1197 1909 1353 1970 dcdle'brer

326 2031 407 2089 pour
417 2016 446 2068 le
456 2015 532 2068 salat
545 2011 583 2068 a'e
595 2029 644 2066 son
657 2011 733 2080 time,
752 2019 815 2065 tant
834 2021 919 2065 avant
935 2003 1069 2083 qu'aprds
1083 2025 1117 2064 sa
1134 2019 1217 2077 mort,
1229 2009 1296 2082 plus
1314 2025 1353 2063 au

336 2110 529 2162 memorre
541 2105 665 2160 solenne!
675 2104 762 2160 deses
772 2102 952 2177 surserar'lles,
960 2103 1150 2180 accompagn&
1162 2103 1198 2158 de
1210 2103 1241 2158 la
1252 2102 1353 2158 distri·

335 2195 431 2254 buron
453 2197 490 2254 de
511 2199 648 2253 cenatnes
674 2195 825 2265 wnrdnes,
855 2209 884 2252 et
908 2199 1043 2273 quelques
1066 2209 1163 2253 autres
1192 2195 1354 2271 fondatione

333 2309 456 2366 preuses.

691 2446 793 2527 (nar,
815 2451 852 2508 tr
871 2446 948 2529 juin)

344 2671 385 2738 ln
406 2664 554 2738 nomine
575 2675 703 2734 sanctae
722 2674 757 2733 et
772 2660 966 2734 individuae
976 2661 1167 2753 Trinitatis,
1191 2661 1304 2734 Patris
1319 2675 1356 2734 et

297 2782 374 2855 Filii
398 2796 435 2854 et
449 2779 601 2880 Spiritus
616 2777 742 2850 sancti.
759 2781 885 2849 Amen.
905 2777 1085 2873 Sugerius,
1103 2776 1170 2849 Dei
1186 2778 1355 2876 patientia

297 2897 452 2972 eoetesiae
465 2896 563 2969 beati
578 2893 741 2991 Dionysii
756 2892 901 2965 humilis
920 2892 1095 2966 minister.

345 3017 437 3086 Cum
457 3036 587 3110 magna
605 3009 800 3083 multitudo
816 3007 1016 3082 dulcedinis
1031 3009 1098 3081 Dei
1105 3011 1129 3100 ²,
1149 3033 1258 3107 quam
1274 3009 1354 3082 abs-

295 3129 457 3204 condens
472 3125 681 3200 timentibus
702 3149 740 3198 se
758 3115 900 3224 perficit
926 3125 1057 3223 eisqui
1075 3139 1218 3224 sperant
1235 3125 1273 3197 in
1295 3151 1353 3218 eo,

295 3246 474 3344 meipsum
485 3242 574 3314 mihi
582 3241 680 3338 larga
695 3240 958 3341 propitiationis
971 3264 1042 3312 sure
1059 3240 1239 3314 affluentia
1254 3242 1354 3314 resti-

298 3377 399 3435 tuere
421 3359 543 3449 rellet,
564 3380 766 3430 memorem
782 3379 842 3428 me
865 3355 999 3428 faciens
1015 3355 1242 3454 iniquitatum
1259 3381 1355 3430 mea-

295 3501 379 3550 rum
396 3476 640 3573 antiquarum,
661 3486 704 3545 ut
728 3472 801 3544 cito
827 3472 999 3569 anticipet
1029 3496 1089 3544 me
1111 3471 1355 3546 misericordia

297 3594 385 3691 ejus,
396 3607 479 3688 post
486 3588 614 3663 mundi
623 3587 731 3685 hujus
739 3585 916 3659 inmundi⁸
926 3586 1097 3659 rotabiles
1104 3601 1140 3660 et
1149 3585 1356 3686 impulsivos

298 3707 485 3807 scopulos,
504 3718 586 3804 post
610 3704 756 3798 longam
771 3717 808 3774 et
826 3726 920 3800 pene
936 3703 1032 3772 curis
1047 3701 1202 3774 ecclesiae
1222 3717 1258 3775 et
1277 3702 1356 3776 aliis

294 3821 581 3926 consumpturam
596 3819 757 3918 corporis
778 3833 815 3891 et
835 3818 963 3890 animae
977 3816 1288 3916 dilapidationem,
1309 3817 1355 3891 ad

296 3940 463 4037 suffragia
480 3941 711 4027 Sanctorum,
736 3957 893 4031 quorum
913 3933 1062 4004 servicio
1081 3931 1353 4025 desudaveram,

337 4155 366 4208 l.
386 4152 432 4206 Ex
447 4143 582 4224 originali
597 4141 698 4203 chartd
708 4137 810 4222 (ureb.
825 4143 915 4218 Inp„
929 4144 959 4199 K
976 4142 1027 4210 22,
1046 4150 1078 4200 n⁰
1095 4139 1153 4221 6²).
1168 4173 1200 4186 -
1223 4139 1353 4204 chartul.

297 4241 405 4314 album,
425 4252 447 4303 t.
461 4241 503 4310 11,
519 4257 551 4317 p.
568 4239 624 4297 sta
638 4232 743 4316 (Ibid,
760 4235 808 4292 LL
823 4234 923 4306 1158).
939 4265 979 4280 -
992 4233 1123 4298 Chartul.
1136 4233 1355 4312 eleemosynarii

297 4334 392 4395 sancti
404 4327 548 4410 Dionysii,
564 4328 587 4387 t·
601 4323 816 4407 satutant
830 4323 935 4405 trra).
950 4358 990 4373 -
1005 4325 1188 4410 chon.,1v,
1204 4331 1273 4390 ssa.

335 4434 366 4489 Ξ.
384 4432 504 4490 Danant·
515 4422 583 4486 edd.
597 4421 704 4484 chesn.
718 4432 748 4481 et
759 4417 866 4494 Ferit„
881 4417 955 4481 sicut
965 4433 995 4480 et
1007 4419 1093 4480 iniri.

337 4525 366 4582 3.
380 4522 529 4592 lnnmndi,
542 4537 597 4597 pro
606 4515 754 4584 trencardi,
767 4513 849 4574 deest
858 4511 890 4573 in
901 4513 973 4575 edit.
985 4513 1089 4576 Chesn.
