3742 5667
535 885 591 942 sss
750 881 916 942 muvnus
935 862 1149 939 concessas
1169 881 1220 936 ns
1240 879 1374 938 sunan.

531 1012 696 1086 videlicet
717 1013 819 1085 clavo
841 1027 878 1085 et
899 1033 1033 1084 corona
1058 1011 1217 1100 Domini,
1242 1023 1278 1082 et
1300 1008 1451 1082 brachio
1475 1011 1588 1083 sancti

531 1129 624 1202 senis
648 1128 853 1226 Symeonis,
883 1141 1055 1226 tanquam
1087 1122 1376 1226 splendidissimo
1408 1124 1485 1198 veri
1501 1124 1594 1197 Solis

526 1244 654 1342 jubare
667 1244 911 1334 irradiantem,
926 1242 1156 1316 celeberrime
1168 1241 1376 1340 insignivit?
1386 1242 1448 1314 llis
1458 1266 1544 1340 ergo
1555 1256 1592 1315 et

530 1357 779 1458 hujuscemodi
801 1358 894 1432 bene
915 1356 1051 1448 devoti,
1068 1360 1106 1430 in
1129 1357 1285 1458 capitulo
1305 1371 1430 1431 nostro
1457 1382 1591 1431 conve-

531 1474 681 1566 nientes,
698 1473 792 1546 hanc
808 1472 1053 1546 renovationis
1066 1487 1201 1544 cartam
1221 1495 1363 1545 morose
1386 1484 1422 1543 et
1438 1470 1592 1544 discrete

531 1589 766 1680 conferentes,
788 1589 999 1662 auctoritate
1025 1587 1090 1659 Dei
1122 1587 1380 1686 omnipotentis
1403 1601 1438 1660 et
1465 1584 1591 1660 beato·

517 1694 612 1778 ‘rum
633 1721 834 1804 martyrum
850 1705 1007 1804 Dionysii
1023 1703 1274 1802 sociorumque
1291 1703 1381 1800 ejus,
1403 1703 1591 1776 commmri

528 1823 637 1896 etiam
648 1837 684 1896 et
695 1822 871 1896 concordi
880 1819 1026 1920 capituli
1037 1819 1149 1892 nostri
1160 1819 1450 1912 confirmatione,
1462 1843 1593 1920 appro-

530 1937 694 2012 bavimus
717 1953 755 2011 et
775 1938 851 2035 lege
876 1936 1085 2012 inconvulsa
1104 1936 1333 2029 sancivimus,
1355 1936 1589 2026 obtestantes,

528 2068 564 2126 ct
579 2079 645 2152 per
655 2078 739 2128 eum
753 2078 862 2152 quem
878 2052 1009 2126 elludit
1021 2056 1120 2126 lesus
1136 2052 1295 2128 Christus
1322 2053 1358 2124 in
1383 2076 1488 2125 cruce
1508 2076 1592 2125 san·

528 2170 673 2265 guinem
704 2169 922 2264 adjurantes,
957 2194 1001 2242 ue
1034 2192 1263 2267 quacumque
1291 2169 1480 2242 occasione
1513 2167 1592 2240 hac

527 2284 703 2359 institutio
725 2283 952 2378 destituatur,
981 2309 1027 2358 nc
1053 2308 1205 2384 praesens
1225 2296 1334 2375 carta,
1360 2307 1591 2382 quacumque

526 2424 691 2499 persona,
716 2424 943 2498 quacumque
961 2401 1160 2490 occasione,
1189 2399 1300 2472 instar
1316 2398 1475 2471 delectus
1499 2397 1587 2470 anti·

527 2539 681 2610 quarum
696 2514 892 2592 recidivam
910 2515 1081 2588 sustineat
1090 2514 1345 2608 calamitatem,
1368 2513 1433 2587 sed
1448 2539 1532 2586 sana
1554 2528 1591 2586 et

525 2628 659 2702 illibata
676 2631 748 2703 suis
761 2631 1045 2704 institutionibus
1063 2646 1099 2704 et
1126 2630 1289 2731 capitulis
1316 2655 1458 2730 semper
1473 2645 1507 2703 et
1523 2653 1591 2730 per

525 2745 734 2821 inconvulsa
754 2747 957 2821 seculorum
978 2746 1095 2820 secula
1112 2746 1314 2822 firmissime
1329 2748 1512 2822 consistat.

573 2862 819 2936 Matriculariis
828 2865 936 2938 ctiam
950 2877 1103 2964 quatuor
1113 2862 1250 2936 clericis
1257 2865 1295 2936 in
1303 2863 1430 2936 eadem
1440 2862 1588 2936 ecclesia

525 2977 666 3050 ibidem»
673 2978 805 3075 jugiter
819 2979 1093 3074 desudantibus,
1114 2993 1154 3052 ut
1170 2984 1283 3052 nostri
1295 2980 1506 3053 memoriam
1523 2979 1590 3052 ha·

524 3092 647 3184 beant,
661 3091 837 3168 decimam
846 3095 1041 3194 quandam,
1057 3119 1181 3194 quam,
1190 3096 1274 3194 quia
1286 3095 1331 3169 de
1344 3095 1451 3170 feodo
1463 3111 1590 3170 nostro

525 3222 613 3304 erat,
634 3212 814 3307 aPagano
831 3210 876 3284 de
896 3213 1057 3285 Gisortio
1076 3211 1113 3284 in
1140 3217 1357 3284 Francorum
1374 3212 1465 3285 Villa
1484 3237 1586 3286 com·

524 3325 739 3422 paravimus,
760 3327 931 3425 quoniam
946 3325 1145 3426 praebcndae
1162 3352 1289 3401 eorum
1303 3328 1406 3428 copia
1425 3326 1590 3427 aliquan-

525 3453 602 3512 tum
620 3455 797 3540 tepuerat,
818 3442 1034 3516 donavimus
1048 3457 1122 3516 tarn
1139 3443 1176 3516 in
1193 3468 1286 3543 pano
1302 3469 1411 3544 quam
1429 3445 1466 3518 in
1485 3445 1586 3532 vino,

524 3571 671 3654 excepta
697 3556 758 3631 illa
778 3574 880 3656 parte
906 3583 985 3658 quae
1011 3559 1057 3633 de
1083 3560 1204 3633 clauso
1225 3561 1374 3660 proprio
1402 3560 1588 3634 vinearum

525 3669 679 3745 ecclesiae
692 3675 898 3749 assumitur.

574 3789 741 3886 Superest
763 3789 941 3887 siquidem
971 3807 1007 3864 et
1037 3790 1134 3864 aliud
1159 3791 1346 3891 probabile
1374 3791 1585 3894 capitulum,

526 3901 638 4001 quod,
662 3904 746 3978 licet
773 3907 1019 3982 exsecutione
1048 3933 1169 3982 rerum
1196 3908 1436 4007 pollicitarum
1467 3909 1590 3982 termi·

526 4018 645 4092 itabile
657 4037 838 4120 appareat,
853 4038 989 4117 tamen,
1002 4025 1084 4122 quia
1095 4023 1142 4096 ad
1161 4024 1363 4097 aeternitatis
1380 4023 1485 4097 nobis
1502 4050 1587 4125 pro-

526 4131 632 4207 ficere
649 4150 686 4208 et
709 4152 877 4236 optamus
910 4156 947 4213 et
977 4163 1160 4240 speramus
1183 4137 1473 4234 retributionem,
1503 4141 1589 4214 huic

526 4250 659 4349 scripto
682 4252 892 4327 interserere
921 4255 1071 4351 dignum
1102 4255 1280 4328 duximus.
1315 4259 1418 4327 Nono
1446 4254 1589 4329 decimo

525 4366 880 4443 admininistrationis
919 4385 1049 4445 nostrae
1089 4395 1204 4461 anno,
1236 4395 1320 4444 cum
1356 4395 1452 4444 novo
1487 4373 1587 4471 operi

526 4483 564 4556 in
589 4485 757 4558 anteriori
777 4486 930 4561 ecclesiae
951 4503 1051 4587 parte
1072 4485 1225 4562 libenter
1249 4501 1286 4560 et
1311 4485 1464 4560 fideliter
1480 4487 1586 4561 destr-

526 4598 722 4693 dassemus,
740 4604 890 4703 ipsoque
908 4629 1005 4678 novo
1020 4605 1169 4705 antiquo
1192 4603 1293 4705 operi
1308 4602 1458 4704 pulchra
1476 4630 1584 4678 nova·
