3742 5667
490 757 549 813 ttl
573 699 575 703 Ι
707 741 873 809 OEUVRRS
893 748 1106 808 conaturus
1126 749 1177 805 DE
1196 749 1331 808 SUGER.

489 886 572 959 tius¹
589 882 779 981 erexerat),
794 880 842 953 ad
859 906 937 956 eam
955 882 1167 955 visitandam
1185 896 1469 982 properantes,a
1489 882 1559 955 do-

490 1002 591 1075 mino
607 1025 699 1102 papa
724 999 861 1073 Calixto
883 1014 919 1071 et
937 1013 1011 1071 tota
1032 1000 1131 1072 curia
1146 998 1347 1073 honorilice
1362 999 1469 1072 valde
1489 1024 1557 1072 re-

490 1115 585 1213 cepti
606 1138 672 1212 per
694 1137 753 1185 sex
776 1137 929 1199 menses,
966 1137 1050 1185 cum
1075 1110 1171 1212 apud
1200 1136 1282 1185 eum
1312 1111 1553 1204 demorando,

491 1253 621 1327 magno
648 1229 802 1301 concilio
835 1243 1079 1301 trecentorum
1108 1243 1170 1301 aut
1191 1226 1343 1328 amplius
1370 1229 1558 1328 episcopo-

490 1370 587 1434 rum,
604 1347 786 1419 Lateranis
800 1346 1054 1445 compositioni
1067 1346 1165 1445 pacis
1183 1344 1229 1419 de
1251 1345 1398 1445 querela
1412 1346 1557 1418 investi·

489 1477 651 1535 turarum
680 1463 957 1553 astitissemus¹3
982 1464 1153 1536 orationis
1183 1486 1289 1537 causa
1318 1462 1557 1561 frequentatis

490 1576 638 1653 diversis
662 1595 868 1653 sanctorum
886 1580 989 1672 locis,
1013 1580 1178 1655 videlicet
1200 1584 1236 1652 S.
1264 1579 1445 1653 Benedicti
1467 1582 1555 1651 Cas·

489 1693 569 1785 sini,
585 1697 623 1767 S.
640 1696 889 1770 Bartholomaei
903 1696 1109 1789 Beneventi,
1128 1697 1165 1768 S.
1178 1694 1331 1767 Mattlraei
1346 1694 1498 1786 Salerni,
1512 1696 1552 1765 S.

488 1809 622 1883 Nicolai
648 1813 741 1903 Bari,
774 1817 989 1888 Sanctorum
1025 1812 1241 1908 Angelorum
1276 1810 1445 1907 Gargani,
1474 1811 1555 1881 Deo

488 1926 702 2024 opitulante,
719 1930 935 2028 cumgratia
958 1945 995 2002 et
1017 1928 1156 2002 domini
1174 1950 1275 2027 papae
1293 1950 1415 1999 amore
1428 1938 1466 1997 et
1479 1923 1557 1997 for·

488 2039 594 2110 matis
620 2041 798 2139 epistolis¹
824 2066 995 2143 prospere
1023 2038 1279 2113 remeavimus.
1309 2041 1400 2111 Cum
1431 2052 1556 2111 autem

488 2167 524 2226 et
534 2153 603 2227 alia
614 2156 705 2248 vice,
720 2172 800 2256 post
812 2156 951 2257 aliquot
968 2182 1095 2249 annos,
1115 2182 1182 2229 nos
1198 2154 1415 2245 dulcissime,
1428 2169 1469 2225 ut
1477 2178 1556 2225 ma-

487 2272 539 2366 gis
559 2270 756 2346 honoraret
785 2289 833 2365 et,
864 2274 956 2347 sicut
978 2274 1016 2347 in
1041 2272 1165 2346 litteris
1188 2272 1261 2345 suis
1283 2268 1554 2361 continebatur,

486 2383 640 2459 libenter
659 2389 841 2483 exaltaret,
864 2388 911 2464 ad
926 2392 1063 2463 curiam
1077 2403 1291 2480 revocasset,
1308 2385 1406 2486 apud
1417 2391 1554 2459 Lucam

485 2504 619 2577 Tusciae
635 2505 814 2579 civitatem
833 2505 999 2579 decessus
1028 2508 1103 2605 ejus
1118 2507 1304 2579 veritatem
1331 2527 1555 2600 cognoscen-

486 2633 553 2712 tes,
582 2624 829 2696 Romanorum
852 2649 985 2697 novam
1005 2640 1041 2698 et
1064 2639 1222 2697 veterem
1243 2622 1431 2695 avaritiam
1448 2619 1554 2693 devi-

486 2736 600 2811 tando
621 2740 903 2813 retrocessimus.
923 2741 990 2814 Cui
1008 2743 1176 2815 successit
1200 2741 1248 2814 de
1273 2738 1452 2812 Hostiensi
1479 2738 1556 2837 epi·

374 2903 378 2908 -
486 2879 597 2953 scopo
617 2856 816 2955 approbata
841 2883 994 2958 persona
1010 2874 1214 2957 assumptus
1238 2880 1333 2958 papa
1356 2855 1552 2947 Honorius,

485 2973 542 3043 vir
559 2972 673 3067 gravis
692 2988 729 3045 et
750 2998 910 3046 severus.
935 2976 1109 3063 Quicum
1131 2974 1304 3072 justitiam
1325 2988 1483 3045 nostram
1506 2970 1554 3043 de

485 3088 703 3162 monasterio
722 3090 978 3186 Argentoilen'si
991 3093 1015 3184 ⁶,
1032 3090 1232 3191 puellarum
1249 3089 1449 3163 miserrima
1465 3112 1552 3159 con·

526 3382 556 3441 l.
572 3378 619 3440 Sic
633 3380 719 3442 codd.
743 3400 845 3441 omnes
857 3400 892 3441 ac
909 3382 981 3445 edit.
1002 3380 1152 3447 Benedict.
1167 3414 1208 3429 -
1221 3386 1361 3455 Alterais,
1377 3380 1465 3454 male,
1481 3376 1550 3441 edd.

484 3474 586 3535 Germ.
605 3487 635 3535 et
650 3476 757 3538 chesn.
773 3479 880 3536 Sensus
894 3475 992 3555 itaque
1006 3489 1070 3535 est:
1084 3480 1214 3536 Romana
1227 3475 1348 3537 ecclesia
1360 3476 1447 3534 altius
1462 3492 1552 3551 quam

484 3586 539 3645 ego
556 3566 618 3647 ipse
634 3568 751 3647 negotia
769 3582 880 3647 nostra,
890 3569 920 3628 id
931 3582 977 3629 est
986 3568 1113 3629 ecclesiae
1126 3574 1157 3631 S.
1173 3569 1316 3648 Dionysii,
1328 3576 1461 3629 erexerat
1476 3570 1550 3647 (No-

484 3659 545 3719 tula
554 3661 717 3743 Benedict.)

524 3758 554 3814 2.
574 3758 638 3814 Hoc
661 3754 816 3815 concilium
838 3756 974 3838 generale
992 3776 1100 3817 nonum
1123 3762 1266 3819 Iaterano
1283 3766 1489 3837 congregatum
1507 3766 1552 3815 est

484 3865 561 3906 anno
575 3851 665 3925 ttae,
680 3849 727 3911 die
742 3850 838 3911 martii
849 3851 986 3912 vicesima
1000 3852 1094 3914 tertia.

523 3946 553 4002 3.
573 3944 608 4001 ld
624 3957 668 4004 est
682 3964 749 4003 cnm
771 3944 874 4004 litteris
887 3946 1139 4021 commendatitiis,
1155 3966 1226 4026 quas
1240 3947 1310 4008 olim
1329 3944 1433 4007 summi
1449 3942 1550 4027 ponti·

482 4034 551 4094 lices
569 4048 600 4095 ct
612 4036 742 4118 episcopi
755 4038 887 4099 fidelibus
898 4052 928 4099 et
946 4040 1108 4120 praesertim
1121 4040 1233 4101 clericis
1246 4039 1506 4122 peregrinantibus,
1517 4046 1550 4095 nt

482 4146 663 4209 quacumque
679 4134 834 4193 transirent
846 4133 972 4213 benigne
985 4146 1014 4195 et
1030 4132 1190 4195 honorilice
1205 4136 1420 4215 exciperentur,
1435 4132 1549 4193 condo·

481 4220 600 4283 nebant.
620 4229 750 4300 Quarum
768 4248 844 4307 papa
863 4231 966 4287 Sextus
983 4232 998 4287 1
1015 4242 1116 4289 auctor
1134 4226 1270 4301 habetur,
1292 4240 1324 4288 ut
1342 4227 1441 4289 videre
1459 4224 1549 4287 estin

482 4314 571 4375 Libro
586 4318 745 4379 Pontificali
756 4340 839 4400 papae
851 4322 980 4385 Damasi.

522 4414 552 4469 l.
569 4411 660 4491 Vulgo
672 4416 842 4491 Argenteut'l
853 4413 1101 4497 (Seiae-et·0ise).
1121 4419 1164 4479 Cl.
1184 4416 1297 4497 Sugerii
1313 4415 1421 4476 librum
1437 4412 1474 4473 de
1491 4409 1549 4471 ad·

483 4500 689 4566 ministratione
699 4512 761 4580 sua,
774 4528 840 4588 cap.
852 4528 898 4568 111.
