3742 5667
506 777 544 832 re
617 814 633 859 3
715 767 872 828 morans
894 742 1117 830 cOltrcmas
1138 771 1188 827 nr.
1207 771 1341 830 succa.

507 904 576 977 bro
591 904 805 1004 percutiens,
818 898 956 975 nullam
972 903 1047 1001 pati
1063 902 1226 998 dignatus
1237 916 1290 974 est
1301 902 1480 1001 repulsam
1500 927 1569 974 ncc

509 1017 690 1112 recedere,
709 1018 824 1092 donec
834 1042 918 1092 cum
933 1018 1152 1118 supellectile
1161 1032 1278 1091 totum
1287 1033 1444 1091 casuum
1455 1043 1571 1116 usque

510 1136 556 1207 ad
582 1136 689 1208 turris
720 1135 947 1234 procinctum
975 1133 1427 1208 incendio¹concremavit.
1458 1139 1571 1206 'lanta

511 1251 579 1322 viri
597 1267 674 1324 erat
688 1253 907 1344 animositas,
926 1265 967 1323 ut
984 1274 1052 1322 nec
1073 1247 1281 1321 incendium
1307 1249 1485 1323 declinare
1508 1275 1572 1322 cu·

512 1383 622 1458 raret,
649 1393 733 1440 cum
760 1383 797 1440 et
825 1368 858 1440 ei
880 1382 917 1440 et
948 1365 1116 1438 exercitui
1137 1365 1380 1463 periculosum
1397 1382 1501 1456 esset,
1534 1381 1574 1438 et

512 1476 630 1556 multo
644 1499 806 1583 tempore
821 1484 1016 1556 maximam
1031 1483 1064 1555 ei
1081 1482 1291 1555 raucitatem
1301 1497 1496 1579 generaret.
1513 1484 1574 1555 Sic

512 1599 741 1674 humiliatum
758 1600 793 1672 in
811 1599 961 1672 brachio
976 1599 1115 1671 virtutis
1129 1599 1208 1689 Dei,
1226 1599 1343 1696 quiin
1357 1624 1461 1673 causa
1478 1615 1572 1691 erat,

515 1714 715 1812 subjectum
732 1731 903 1815 tanquam
927 1712 1109 1805 clinicum,
1135 1714 1328 1788 voluntatis
1350 1739 1422 1790 sure
1443 1715 1576 1789 ditioni

515 1829 726 1928 subjugavit.

564 1951 626 2020 ΠΙ.
653 1951 792 2020 lnterea
808 1946 1110 2020 Bellimontensis¹
1120 1969 1242 2019 comes
1250 1945 1432 2020 Mattheus
1447 1962 1577 2020 contra

517 2066 706 2158 Hugonem
719 2061 1066 2152 Claromontensem,
1083 2062 1200 2133 virum
1218 2061 1393 2154 nobilem,
1416 2061 1480 2134 sed
1494 2086 1577 2134 mo·

517 2176 627 2249 bilem
649 2192 685 2249 et
706 2178 916 2278 simplicem,
953 2179 1054 2276 cujus
1079 2176 1190 2250 liliam
1219 2177 1370 2252 duxerat
1392 2202 1575 2277 sponsam,

517 2292 625 2390 longo
646 2294 756 2366 animi
787 2303 937 2367 rancore
974 2293 1216 2387 contendens,
1244 2311 1402 2368 castrum
1430 2295 1579 2382 nomine

518 2410 779 2501 Lusarchium³,
793 2412 895 2508 cujus
909 2408 1138 2484 medietatem
1160 2433 1268 2484 causa
1288 2410 1444 2509 conjugii
1462 2434 1582 2483 susce-

518 2541 632 2624 perat,
647 2541 766 2600 totum
782 2551 959 2627 occupare
965 2529 989 2620 ⁸,
1008 2527 1138 2602 turrim
1152 2525 1220 2598 sibi
1236 2529 1346 2601 armis
1368 2541 1405 2600 et
1433 2541 1582 2598 armans

518 2641 644 2738 satagit
668 2643 823 2716 munire.
846 2641 942 2729 Quid
964 2641 1097 2715 laceret
1125 2647 1240 2740 Hugo,
1271 2666 1380 2741 quam
1406 2640 1507 2740 quod
1533 2639 1583 2712 ad

518 2757 620 2852 regni
643 2753 868 2828 defensorem
889 2756 1071 2847 festinans,
1090 2758 1243 2856 pedihus
1264 2759 1339 2853 ejus
1364 2771 1580 2856 prostratus.

440 2914 442 2920 ¹
519 2871 657 2944 obortis
671 2870 851 2970 lacrymis,
867 2870 1042 2970 supplicat
1057 2887 1098 2946 ut
1111 2873 1187 2945 seni
1207 2872 1483 2963 condescendat,
1502 2896 1584 2968 gra·

521 2988 662 3060 vissime
674 3001 818 3082 gravato
835 3012 945 3086 opem
959 2988 1069 3060 ferat?
1088 3019 1105 3054 α
1124 2987 1233 3080 Malo,
1248 2989 1380 3086 inquit,
1400 2988 1584 3060 carissime

521 3100 680 3196 domine,
698 3118 734 3175 te
751 3117 885 3175 terram
894 3127 1013 3178 meam
1031 3117 1144 3176 totam
1160 3103 1307 3195 habere,
1318 3104 1438 3202 quiaa
1457 3118 1584 3175 tecam

521 3216 650 3309 habeo,
666 3243 776 3316 quam
793 3243 901 3316 gener
914 3243 1016 3291 meus
1025 3217 1177 3316 degener
1190 3220 1285 3292 hanc
1300 3219 1446 3291 habeat.
1458 3219 1586 3289 Emori

520 3334 639 3431 cupio,
660 3333 778 3406 sicam
793 3334 943 3409 auferat.
967 3363 982 3402 a
1001 3335 1109 3432 Cujus
1125 3333 1372 3434 lachrymabili
1382 3332 1587 3407 calamitate

520 3451 642 3521 animo
671 3463 931 3550 compunctus,
967 3450 1203 3524 amicabiliter
1238 3475 1386 3522 manum
1415 3451 1583 3548 porrigit,

522 3564 707 3660 suffragari
735 3565 926 3664 promittit,
955 3589 1016 3663 spe
1042 3565 1292 3638 exhilaratum¹
1306 3563 1458 3636 remittit
1477 3588 1485 3634 ε
1503 3567 1597 3662 spes’

522 3694 642 3753 autem
672 3705 744 3753 non
763 3679 946 3780 confundit
955 3685 976 3751 ⁸.
1011 3679 1188 3753 Velociter
1210 3680 1387 3778 siquidem
1414 3678 1589 3754 decuria

563 3889 594 3947 t.
615 3893 652 3946 ln
664 3889 767 3966 medio,
782 3887 948 3966 perperim,
964 3890 1034 3961 1³5,
1045 3884 1171 3966 itemque
1182 3886 1250 3947 edd.
1267 3887 1368 3948 Germ.
1381 3897 1411 3945 et
1423 3883 1530 3947 chesn.

562 3980 593 4035 2.
610 3983 785 4038 Bellimontis
806 3983 876 4040 tte.

565 4075 594 4130 3.
614 4075 786 4132 Lurarclmm
800 4072 848 4133 ed.
864 4075 962 4134 Germ.
979 4070 1073 4151 Vulgo
1086 4073 1245 4132 Laaarclres
1256 4070 1503 4153 (Serme-oue).

564 4169 595 4224 lt·
618 4170 743 4244 Occupat
757 4170 835 4226 6265
847 4177 877 4226 et
889 4169 999 4226 12710.

566 4262 596 4319 t.
618 4259 821 4316 delibratam
843 4271 971 4337 quatuor
989 4259 1078 4318 codd.
1101 4269 1130 4318 et
1150 4257 1198 4322 ed.
1214 4258 1323 4322 Bened.
1336 4290 1374 4305 -
1396 4261 1585 4333 Exhilarant,

527 4351 675 4425 mendose,
696 4355 764 4411 135.
783 4383 823 4397 -
844 4355 1007 4411 Excitatum
1028 4352 1097 4412 edd.
1123 4354 1223 4414 Germ.
1241 4365 1272 4412 et
1289 4349 1417 4424 ouant,
1437 4351 1488 4431 qui
1507 4352 1589 4412 velut

526 4443 612 4502 aliam
627 4443 779 4505 lectionem
793 4444 875 4506 addit
888 4443 917 4505 in
932 4445 1063 4524 margine
1075 4447 1279 4508 exhilaratum.

568 4542 598 4602 6.
620 4537 701 4600 Pauli
716 4551 810 4619 apost.
825 4540 863 4600 ad
877 4543 1036 4613 Romanos,
1051 4560 1082 4614 v,
1099 4545 1130 4604 5.
