3742 5667
523 764 579 821 rso
737 755 903 819 movens
921 744 1132 820 counimus
1153 762 1202 819 nn
1222 762 1356 820 suom.

521 919 578 967 ras
589 892 694 967 nobis
701 892 912 966 retraximus
919 917 930 985 ;
944 893 1084 966 clausos
1098 893 1297 983 vinearum,
1309 892 1474 967 videlicet
1484 892 1585 992 apud

522 1013 693 1083 Sanctum
709 1013 850 1109 Lupum
861 1010 886 1101 ¹,
905 1034 925 1079 a
941 1008 1065 1105 viginti
1085 1008 1188 1081 annis
1204 1008 1329 1081 aratris
1351 1006 1513 1081 redditos
1531 1033 1587 1081 re·

522 1123 675 1223 plantari
696 1124 862 1215 fecimus3
885 1122 971 1196 alias
986 1125 1107 1197 vineas
1124 1124 1223 1221 juxta
1243 1124 1390 1198 Bclnam
1406 1147 1498 1222 pene
1518 1123 1586 1196 dc·

522 1254 674 1313 structas
706 1239 844 1311 restitui
881 1238 1030 1311 fecimus
1043 1266 1054 1327 3
1081 1238 1167 1311 alias
1191 1263 1212 1312 a
1242 1238 1402 1337 quodam
1434 1238 1585 1312 homine

522 1370 647 1427 nostro
672 1354 795 1450 viginti
815 1352 915 1426 libris
943 1353 1200 1426 Aurelianensis
1228 1369 1381 1427 monetae
1407 1355 1581 1443 emimus;

521 1472 622 1544 villas
646 1471 796 1544 omuino
827 1470 962 1568 rapinis
993 1470 1234 1571 exhospitatas
1261 1470 1476 1570 rehospitari
1495 1470 1584 1543 seci-

522 1612 616 1661 mue.

753 1824 845 1893 xvl.
870 1826 923 1892 De
940 1820 1076 1893 decima
1092 1820 1136 1893 de
1151 1821 1309 1895 narville
1320 1823 1344 1894 ¹.

571 2047 669 2115 Inter
686 2042 755 2117 alia
772 2043 950 2117 decimam
966 2044 1148 2141 quandam
1163 2042 1379 2136 charvilla,
1394 2067 1504 2141 quam
1520 2043 1587 2113 mi-

525 2158 603 2230 lites
619 2157 952 2256 quidamacentum
962 2161 1077 2251 anuis,
1092 2160 1183 2233 sicut
1197 2158 1380 2253 dicebant,
1390 2158 1459 2232 sub
1473 2181 1583 2230 censu

525 2272 681 2345 duorum
709 2273 908 2347 solidorum
940 2274 1136 2365 habebant,
1162 2299 1242 2373 quae
1261 2273 1367 2347 nobis
1389 2272 1584 2371 quotannis

523 2389 649 2483 viginti
663 2404 726 2463 aut
741 2390 884 2488 triginta
896 2415 1048 2463 annonae
1067 2388 1200 2464 modiis
1216 2390 1324 2482 valet,
1341 2390 1416 2461 sive
1430 2412 1584 2487 quicque

522 2504 663 2603 perdita
689 2521 798 2604 prout
812 2507 941 2580 melius
965 2508 1151 2607 potuimus
1170 2507 1217 2579 ad
1242 2531 1335 2605 opus
1359 2504 1516 2578 ccclesiae
1532 2527 1587 2573 re·

523 2621 705 2692 traximus.
738 2625 901 2720 Cumque
928 2623 1119 2696 dominicae
1143 2622 1275 2694 domus
1301 2623 1386 2694 satis
1407 2620 1585 2693 vilissimae

522 2760 564 2807 ex
594 2752 670 2809 toto
698 2740 929 2830 corruissent,
961 2739 1031 2811 hoc
1066 2740 1292 2839 potissimum
1322 2737 1368 2810 ad
1393 2737 1471 2827 has,
1503 2760 1585 2834 quae

522 2850 634 2923 modo
664 2867 747 2925 sunt
772 2853 894 2926 facetae
923 2868 960 2925 et
994 2854 1286 2953 propugnabiles,
1321 2851 1585 2926 construendas

524 2968 715 3039 excitavit:
736 2967 836 3067 quod
853 2994 938 3042 cum
951 2970 1214 3043 constituissem
1236 2970 1475 3042 determinare
1497 2990 1584 3037 cau·

523 3106 578 3153 sas
594 3099 732 3156 nostras
752 3084 789 3156 in
804 3084 931 3157 cadem
947 3084 1075 3179 domo,
1087 3110 1156 3157 una
1175 3086 1331 3177 dierum,
1348 3099 1441 3156 nutu
1458 3084 1582 3155 divino

523 3222 583 3270 me
594 3197 753 3293 absente,
769 3214 844 3272 tam
857 3200 1109 3274 miserabiliter
1120 3202 1267 3292 corruit,
1279 3216 1321 3273 ut
1333 3201 1441 3273 etiam
1452 3197 1586 3270 lectum

523 3313 560 3385 in
588 3339 662 3412 quo
684 3315 841 3412 jacerem
870 3318 898 3389 si
923 3318 1097 3411 adessem,
1119 3332 1155 3391 et
1169 3318 1377 3418 plancatum
1395 3315 1526 3406 solarii,
1551 3327 1587 3386 et

523 3443 650 3501 tonnas
667 3430 844 3504 inferioris
860 3434 1113 3532 promptuarii,
1129 3449 1165 3506 ct
1177 3456 1260 3505 vasa
1282 3432 1418 3507 vinaria
1435 3430 1585 3503 omnino

522 3542 750 3642 confregerit,
778 3562 813 3621 et
830 3548 896 3621 sub
917 3564 1015 3621 tanta
1031 3551 1148 3642 ruina,
1179 3548 1279 3648 quod
1314 3548 1435 3621 divina
1461 3543 1586 3646 propi-

522 3660 623 3734 tiatio
647 3662 738 3733 mihi
759 3664 960 3762 pepercerit
979 3664 1149 3737 omnibus
1167 3663 1278 3737 fidem
1301 3664 1438 3737 feccrit.
1467 3670 1584 3737 Gran-

522 3774 642 3847 chiam
657 3780 897 3877 peroptimam
912 3780 1050 3854 ibidem
1059 3781 1294 3873 extruximus,
1313 3794 1348 3852 ct
1355 3794 1478 3877 stagna
1494 3780 1583 3874 duo,

522 3914 601 3987 quae
614 3893 727 3967 multa
745 3896 898 3993 piscium
914 3898 1019 3996 copia
1033 3898 1154 3970 multo
1170 3912 1334 3996 tempore
1349 3895 1435 3969 illuc
1450 3895 1585 3969 adven·

524 4008 949 4105 rantibussufficientiam‚
965 4014 994 4084 si
1003 4013 1098 4086 bene
1106 4028 1303 4104 serventur,
1314 4012 1582 4088 ministrabunt.

522 4126 609 4212 Quae
625 4126 773 4224 quidem
787 4143 882 4201 terra
899 4143 1074 4227 quantum
1088 4129 1220 4202 auxilio
1238 4130 1305 4201 Dei
1322 4130 1366 4201 sit
1380 4128 1583 4220 meliorata,

564 4383 594 4446 t.
616 4385 700 4443 Nunc
715 4382 800 4445 etiam
816 4388 1193 4467 taracham-Viget
1204 4386 1288 4461 juxtd
1300 4386 1428 4451 Beluam.

563 4478 592 4538 2.
617 4482 750 4555 Bamtllc,
763 4478 839 4538 circa
849 4480 980 4540 eamdem
992 4480 1105 4543 urbem.
