3742 5667
489 811 529 869 st
707 803 870 865 morans
890 792 1176 864 communesne
1198 804 1334 863 suana.

487 955 628 1041 portam
640 953 852 1039 paraverant
865 943 886 1029 ¹,
904 938 1071 1011 citissime
1088 940 1188 1009 Deo'
1203 950 1382 1009 annuente
1401 934 1548 1007 intravi·

487 1081 581 1130 mus.
597 1055 681 1149 Qui,
711 1070 835 1129 nostra
865 1052 1047 1126 exhilarati
1073 1052 1271 1151 praesentia,
1294 1051 1443 1125 sabbata
1462 1049 1545 1123 hos·

484 1173 577 1245 tium
601 1168 827 1262 deridebant,
857 1168 1050 1267 multisque
1072 1167 1239 1241 conviciis
1273 1183 1309 1240 et
1340 1167 1545 1268 opprobriis

484 1286 721 1381 lacessientes,
748 1285 794 1359 ad
818 1286 1041 1384 reciprocum
1071 1284 1256 1375 assultum,
1286 1308 1345 1357 me
1379 1285 1493 1357 invito
1508 1299 1545 1359 et

483 1404 713 1501 prohibente,
727 1401 954 1475 revocabant.
973 1404 1108 1474 Verum
1127 1415 1167 1473 ut
1181 1425 1241 1474 me
1256 1400 1416 1496 ahsente,
1439 1400 1489 1473 sic
1509 1414 1546 1471 et

482 1536 667 1619 praesente,
691 1534 726 1593 et
742 1518 948 1591 defensores
964 1530 1001 1590 et
1016 1518 1264 1591 defensionem
1279 1515 1400 1589 divina
1416 1542 1544 1591 manus

482 1636 649 1733 protexit.
668 1638 832 1731 Cumque
846 1649 1055 1706 nostrorum
1070 1634 1174 1732 pauci
1188 1632 1234 1705 de
1250 1633 1385 1732 paucis,
1416 1656 1544 1707 eorum

482 1750 587 1823 multi
613 1749 659 1823 de
678 1748 799 1822 multis
826 1748 1002 1821 vulnerati
1029 1747 1235 1839 delicerent,
1267 1747 1326 1820 alii
1356 1748 1543 1848 multiplici

481 1889 630 1939 suorum
646 1865 770 1938 lectica
785 1863 1043 1962 deportantur,
1062 1862 1134 1953 alii,
1153 1887 1234 1935 raro
1253 1861 1423 1935 vilissimo
1442 1876 1545 1941 terrae

479 2006 604 2079 aggere
617 1982 761 2073 retrusi,
785 2005 864 2054 cras
885 1994 947 2052 aut
965 1994 1049 2077 post
1072 2004 1148 2051 cras
1170 1978 1350 2052 morsibus
1373 1978 1543 2078 luporum

479 2096 680 2197 exponendi
697 2110 935 2195 reponuntur.

529 2214 690 2286 Necdum
703 2211 894 2284 Puteolum
909 2210 1042 2310 repulsi
1062 2209 1255 2303 redierant,
1286 2236 1371 2285 cum
1395 2212 1542 2286 Guillel·

478 2353 559 2402 mns
581 2325 833 2401 Garlandensis
847 2330 870 2418 ⁸,
898 2343 935 2400 et
961 2325 1007 2399 de
1032 2326 1167 2401 familia
1194 2328 1286 2425 regis
1310 2326 1542 2426 quamplures

478 2443 720 2542 promptiores
740 2459 775 2516 et
804 2442 995 2515 validiores
1013 2444 1141 2517 armati
1159 2444 1249 2516 villae
1273 2442 1458 2540 suflragari
1479 2469 1540 2518 ac·

477 2560 647 2650 celerant,
672 2584 734 2631 eos
761 2560 1034 2631 circumvenire
1062 2559 1109 2632 ad
1140 2557 1399 2633 ostendendam
1412 2556 1422 2593 ⁸
1437 2562 1541 2657 regi‘e

477 2673 820 2768 militiaeaudaciam
842 2690 921 2747 toto
948 2675 1070 2747 animo
1096 2691 1311 2775 praeoptant.
1344 2680 1444 2764 Quos
1461 2677 1539 2776 ipsc

477 2790 647 2863 dominus
671 2815 733 2862 rex
756 2791 876 2863 statim
896 2790 933 2864 in
967 2816 1097 2865 aurora
1124 2790 1349 2882 subsecutus,
1374 2816 1460 2864 cum
1477 2816 1541 2865 eos

477 2930 542 3003 per
566 2903 724 3000 burgum
748 2905 947 3004 hospitatos
970 2907 1139 2997 audisset,
1170 2908 1329 2980 votivam
1353 2908 1390 2979 in
1417 2906 1540 2982 hostes

476 3022 628 3121 parabat
655 3020 829 3094 ultionem
849 3050 859 3113 3
888 3037 991 3094 tanto
1010 3022 1147 3115 hilaris,
1176 3038 1277 3097 tanto
1296 3022 1535 3113 laetabundus,

476 3154 613 3235 quanto
640 3162 702 3209 eos
725 3135 842 3208 subita
864 3150 992 3233 strage,
1016 3140 1197 3237 inopinata
1219 3138 1356 3212 ultione
1372 3140 1538 3239 inopina·

477 3275 551 3325 tam
565 3252 731 3349 injuriam
748 3267 890 3325 strenue
900 3253 1026 3325 ulcisci
1048 3255 1282 3351 contingeret.
1297 3260 1432 3329 Verum
1457 3256 1539 3329 hos·

478 3386 543 3460 tes,
572 3370 717 3465 cognito
741 3368 817 3464 ejus
833 3366 1004 3459 adventu,
1041 3368 1268 3443 mirabantur
1299 3371 1537 3444 fauctionem·

477 3484 568 3558 adeo
594 3484 769 3558 celatam⁸
789 3484 821 3557 ei
839 3485 1057 3575 innotuisse,
1089 3486 1158 3558 iter
1186 3486 1399 3560 Flandrense
1416 3486 1537 3561 subito

476 3597 731 3697 postposuisse,
753 3596 800 3669 ad
820 3597 1089 3693 suffragandum
1107 3623 1180 3671 non
1207 3613 1280 3671 tam
1301 3598 1464 3673 celeriter
1479 3626 1539 3673 ve·

477 3716 570 3787 nisse
595 3738 706 3814 quam
729 3713 897 3787 evolasse.
925 3716 1091 3812 Cumque
1115 3712 1206 3787 nihil
1229 3714 1327 3789 aliud
1343 3715 1539 3789 audentes*

518 3975 545 4030 l.
565 3976 740 4048 Apernemnt
754 3972 843 4031 6265.
858 4003 898 4017 -
910 3975 941 4031 2.
957 3976 1021 4032 Deo
1031 3970 1116 4031 codd.
1133 3988 1244 4031 omnes.
1258 3972 1428 4029 -nomno
1440 3970 1510 4031 edd.

425 4110 429 4118 .
516 4067 544 4124 3.
561 4067 785 4127 Wartamtmsts
797 4063 829 4122 in
842 4061 905 4123 solo
919 4062 987 4123 cod.
1004 4064 1116 4123 tatto.

516 4162 547 4219 t.
559 4156 606 4219 Sic
627 4170 685 4217 tres
702 4156 790 4217 codd.
803 4168 890 4235 atque
905 4152 973 4219 edd.
987 4158 1087 4217 Germ.
1107 4168 1136 4216 et
1155 4156 1262 4227 Chesn.
1276 4190 1314 4205 -
1331 4160 1536 4219 ostentandam

476 4254 575 4311 tatto
591 4270 625 4309 ac
638 4250 699 4309 edit
712 4249 861 4310 Benedict.
876 4284 915 4296 -
927 4254 1129 4311 ostentandam
1146 4255 1216 4315 tta.

516 4347 546 4408 5.
561 4347 724 4402 Fortiorem
735 4344 844 4404 tatto.

517 4438 546 4495 6.
563 4438 709 4507 celatam,
722 4433 809 4507 male,
822 4434 889 4494 edd.
903 4434 1008 4495 Chesn.
1022 4456 1056 4495 ac
1071 4437 1217 4499 Benedict.

516 4532 545 4588 ¹1.
559 4530 714 4586 Audimus
724 4530 783 4587 135
796 4540 826 4589 et
840 4527 909 4588 edit.
925 4526 1030 4592 Chesn.
1046 4562 1089 4581 -
1100 4534 1250 4591 Audieua's
1263 4532 1333 4598 edit.
1349 4534 1449 4595 Germ.
