3742 5667
459 805 477 861 s
670 799 833 860 mermes
854 776 1070 857 commrrs
1090 799 1139 856 nn
1160 797 1295 860 suern.

457 959 537 1006 rum
552 931 723 1006 Ludovici
736 947 832 1030 gesta
846 929 1054 1031 approbatae
1067 931 1221 1004 scientiae
1233 945 1356 1003 vestre
1369 929 1519 1033 arbitrio

457 1047 679 1144 delegamus,
700 1061 738 1119 ut
761 1049 846 1146 quia
871 1047 978 1119 nobis
1000 1047 1239 1120 communiter
1257 1045 1519 1146 promovendis

455 1178 491 1236 et
506 1163 682 1262 promotis
704 1162 977 1260 benignissimus
1000 1163 1112 1237 extitit
1134 1161 1316 1253 dominus,
1340 1186 1406 1258 ego
1429 1163 1518 1234 scri-

454 1277 595 1369 bendo,
613 1303 679 1351 vos
695 1276 934 1376 corrigendo,
953 1303 1063 1377 quem
1078 1277 1214 1377 pariter
1228 1278 1438 1352 amabamus
1451 1302 1518 1378 pa·

454 1395 539 1468 riter
555 1409 590 1466 et
605 1392 838 1468 decantemus
854 1408 889 1468 et
906 1393 1147 1493 deploremus.
1167 1397 1290 1492 Neque
1308 1394 1405 1467 enirn
1424 1395 1519 1467 cari-

453 1512 517 1583 tati
528 1524 702 1610 repugnat
716 1511 823 1584 etiam
837 1508 1020 1583 beneficiis
1035 1524 1240 1609 comparata
1250 1509 1417 1603 amicitia,
1429 1536 1517 1584 cnm

454 1628 516 1724 qui
533 1627 696 1700 inimicos
712 1625 857 1724 diligere
876 1625 1048 1724 praecipit,
1064 1626 1199 1698 amiens
1217 1649 1292 1697 non
1309 1624 1513 1725 probibeat.

453 1743 594 1842 Duplici
616 1755 771 1840 ergoet,
793 1740 874 1814 lieet
897 1739 1050 1839 dispari,
1075 1766 1148 1814 non
1179 1755 1297 1814 tamen
1323 1742 1514 1840 opposito,

453 1855 661 1931 beneiiciiet
674 1858 829 1930 caritatis
845 1857 981 1951 debito,
991 1855 1196 1930 excidamus
1205 1859 1238 1931 ei
1247 1875 1514 1930 monumentum

453 1999 523 2045 aere
535 1974 732 2071 perennius
739 1975 761 2062 ¹,
775 1997 860 2046 eum
877 1988 913 2046 et
929 1975 1005 2069 ejus
1021 1975 1115 2047 circa
1131 1973 1267 2048 cultum
1284 1973 1515 2047 ecclesiarum

453 2090 519 2162 Dei
551 2087 799 2182 devotionern,
829 2103 863 2161 et
896 2091 991 2162 circa
1020 2091 1120 2185 regni
1152 2104 1283 2162 statum
1312 2089 1516 2163 mirabilem

453 2206 544 2304 stylo
573 2204 824 2279 tradiderimus
856 2207 1130 2297 strenuitatem
1164 2207 1266 2306 eujus
1296 2232 1363 2280 nec
1395 2208 1516 2306 aliqua

453 2336 657 2420 temporum
678 2321 925 2394 immutatione
942 2321 1052 2395 deleri
1069 2321 1184 2396 valeat
1207 2324 1393 2413 memoria,
1409 2347 1515 2396 neca

453 2439 682 2536 generatione
698 2438 735 2509 in
751 2439 1019 2534 generationem
1032 2437 1258 2534 suffragantis
1268 2437 1429 2512 Ecclesiae
1444 2463 1513 2536 pro

453 2553 621 2654 impensis
643 2551 825 2625 beneficiis
850 2555 1055 2628 orationum
1077 2554 1220 2628 desistat
1242 2555 1421 2629 instantia.
1439 2559 1512 2630 Va·

452 2667 520 2742 leat
539 2667 710 2742 celsitudo
730 2687 847 2743 vestra
866 2670 959 2743 inter
975 2670 1055 2744 coeli
1076 2687 1255 2744 senatores
1275 2671 1424 2745 feliciter
1438 2673 1511 2772 epi·

451 2786 621 2884 scopari¹.

491 3021 521 3076 Ι.
543 3014 657 3076 Horatii
671 3015 767 3076 Flacci
779 3015 831 3076 tib.
847 3019 901 3091 ΙΙΙ,
920 3017 971 3076 od.
988 3021 1039 3078 30.

490 3113 520 3171 Ξ.
543 3105 598 3167 Hic
620 3109 698 3168 solus
717 3111 784 3172 cod.
807 3109 952 3171 recentior
973 3113 1052 3173 6265
1074 3111 1199 3188 adjicit:
1221 3119 1351 3191 Explicit
1365 3119 1509 3194 prologus.

451 3207 596 3280 Iace‘piurtt
609 3215 690 3282 gesta
704 3206 836 3264 ludovici
847 3211 935 3284 regis,
948 3223 1124 3284 cognomento
1139 3209 1245 3267 Grossr'.
