3742 5667
603 827 666 882 vlu
685 827 735 883 DE
754 824 866 884 LOUlS
886 825 934 883 Lli
954 824 1064 882 GROS.
1303 826 1360 882 tlt

297 950 441 1027 ibidem
454 954 753 1053 praestolantes,et
760 955 876 1028 navali
886 954 1048 1029 subsidio
1055 954 1102 1026 ad
1115 953 1244 1029 urbem
1254 970 1364 1029 trans

299 1084 449 1162 euntes;
481 1070 599 1144 donec
639 1072 697 1145 die
725 1070 926 1166 dominica,
957 1070 1115 1145 collectis
1142 1072 1324 1145 Gasconiae
1339 1075 1363 1161 ¹,

298 1188 518 1277 Sanctoniae,
546 1188 707 1261 Pictaviae
730 1186 977 1286 optimatibus,
1006 1187 1187 1287 prefatam
1209 1187 1366 1288 puellam

297 1324 389 1374 cum
406 1327 453 1376 eo
468 1302 670 1377 diademate
684 1304 785 1400 regni
803 1318 1012 1377 coronatam
1028 1302 1097 1376 sibi
1120 1304 1287 1401 conjugio
1302 1329 1365 1378 co-

297 1418 452 1517 pulavit.
469 1419 672 1493 Redeuntes
687 1420 795 1517 igitur
808 1445 1013 1520 perpagum
1029 1421 1295 1510 sanctonicum,
1315 1436 1364 1513 et,

298 1534 414 1634 siqui
431 1551 547 1629 erant,
565 1535 687 1609 hostes
704 1552 985 1635 prosternentes,
1002 1538 1231 1611 Pictavorum
1244 1538 1367 1611 civita·

300 1664 381 1724 tem
393 1676 479 1725 cum
494 1651 711 1725 exultatione
723 1652 833 1726 totius
847 1667 948 1725 terrm
961 1654 1203 1751 pervenimus.

348 1767 566 1841 AEatuabant
577 1793 624 1841 eo
635 1782 798 1867 tempore
811 1768 922 1841 aestivi
931 1768 1068 1843 calores
1085 1768 1190 1843 solito
1207 1770 1368 1845 nocivio-

301 1908 374 1975 res,
405 1887 587 1982 quorum'
613 1884 888 1983 consumptione
918 1884 1173 1985 aliquantisper
1197 1886 1307 1959 soluti
1334 1901 1369 1959 et

303 1998 412 2073 valde
444 1999 592 2073 contriti
626 1998 926 2095 defatigabamur.
961 2004 1127 2089 Quorum
1155 2001 1370 2075 intolerabili

302 2115 485 2189 solutione
500 2140 586 2187 cum
604 2115 772 2189 dominus
786 2141 848 2189 rex
864 2115 1066 2191 Ludovious
1088 2118 1240 2191 Parisios
1254 2120 1265 2157 ¹
1280 2116 1369 2190 reci-

302 2230 387 2304 diva
413 2230 582 2330 profluvii
602 2230 811 2307 dissenteria
830 2234 1034 2331 gravissime
1056 2236 1274 2333 fatigaretur,
1291 2262 1370 2311 om·

304 2347 394 2420 nino
411 2345 613 2421 deficiebat.
634 2349 706 2437 Qui
723 2374 911 2447 nunquam
927 2364 1036 2449 super
1056 2352 1113 2424 his
1130 2351 1368 2452 improvidae,

305 2462 422 2535 accito
435 2463 634 2536 venerabili
650 2464 836 2537 Parisiensi
854 2466 1023 2565 episcopo
1039 2466 1238 2564 Stephano,
1259 2481 1296 2540 et
1313 2492 1370 2539 re·
1469 2526 1471 2533 .

305 2576 434 2673 ligioso
450 2578 570 2651 Sancti
586 2578 738 2652 Victoris
753 2578 885 2653 abbate
908 2577 1081 2652 Gilduino
1095 2583 1119 2671 ⁴,
1145 2582 1205 2653 cui
1225 2580 1374 2660 familia·

307 2695 381 2768 rius
396 2692 651 2786 confitebatur,
670 2719 714 2767 eo
727 2694 830 2793 quod
842 2696 1101 2769 monasterium
1115 2696 1190 2794 ejus
1206 2723 1227 2768 a
1241 2696 1372 2770 funda·

308 2809 405 2883 mine
416 2823 677 2899 construxerat,
693 2824 729 2882 et
744 2810 1007 2883 confessionem
1020 2812 1162 2909 repetit,
1181 2826 1217 2884 et
1239 2812 1373 2885 exitum

309 2950 416 2999 suum
441 2926 571 3000 viatico
593 2926 773 3000 Dominici
793 2928 955 3027 corporis
989 2926 1123 2999 muniri
1147 2926 1373 3001 devotissime

310 3042 450 3139 satagit.
478 3044 642 3139 Cumque
664 3066 704 3113 ae
726 3039 859 3114 deferri
881 3041 929 3115 ad
957 3042 1142 3115 ecclesiam
1166 3057 1373 3117 sanctorum

309 3162 508 3259 Martyrum
522 3156 668 3249 iaceret,
688 3171 730 3229 ut
750 3156 872 3254 quod·
886 3172 1013 3231 votum
1025 3160 1153 3258 saepius
1167 3158 1372 3259 spoponde-

311 3288 364 3347 rat
392 3274 597 3347 humillime
626 3271 861 3371 persolveret,
905 3274 1124 3369 aegritudinis
1159 3277 1372 3375 anticipatus

311 3390 494 3485 angustiis,
517 3389 618 3486 quod
631 3413 744 3489 opere
759 3414 835 3462 non
860 3390 991 3488 potuit,
1016 3389 1127 3464 corde
1147 3406 1183 3463 et
1197 3393 1319 3466 animo
1334 3405 1373 3464 et

313 3505 495 3580 voluntate
508 3505 715 3604 complevit.
743 3506 954 3605 Praecipiens
977 3530 1063 3604 ergo
1087 3520 1248 3604 tapetum
1270 3522 1373 3580 terrae

314 3638 349 3696 et
366 3623 505 3695 cineres
528 3636 649 3721 tapeto
672 3624 710 3695 in
726 3621 880 3696 modum
913 3623 1031 3698 crucis
1062 3622 1210 3721 deponi,
1237 3621 1373 3696 ibidem

314 3734 481 3809 manibus
504 3757 656 3808 suorum
675 3733 873 3833 depositus,
892 3734 993 3831 signo
1009 3751 1138 3808 sanctae
1154 3736 1268 3808 crucis
1286 3760 1373 3834 prae-
1503 3756 1508 3773 ·

316 3851 463 3925 sentiam
479 3876 581 3924 suam
593 3852 773 3939 muniens,
790 3850 970 3924 tricesimo
983 3852 1083 3949 regni
1098 3850 1377 3925 administratio-
1478 3910 1483 3918 .

317 3970 383 4063 nia,
406 3968 518 4043 aetatis
544 3991 632 4040 vero
665 3965 804 4040 ferme·
830 3968 1046 4065 sexagesimo
1074 3993 1182 4060 anno,
1217 3966 1377 4041 kalendis

357 4186 386 4245 1.
403 4188 564 4247 Wascontae
578 4183 689 4246 tatto.
699 4216 741 4231 -
751 4188 783 4248 2.
797 4189 956 4263 Equorum,
971 4184 1120 4267 mendose,
1133 4184 1177 4249 id.
1190 4184 1257 4245 cod.

358 4282 386 4339 3.
401 4282 533 4339 Parisios
552 4277 668 4339 codices
687 4297 789 4339 omnes
806 4290 837 4340 et
853 4278 925 4342 edit.
946 4279 1095 4343 Benedict.
1110 4313 1151 4327 -
1173 4277 1296 4341 Parisiis
1314 4278 1378 4340 aliae

322 4372 376 4433 cdd

361 4416 389 4529 1..
404 4468 544 4526 Geldaim
557 4468 668 4528 12'll0.
681 4491 722 4518 ··‘⁶
738 4472 769 4533 5.
785 4472 828 4530 Eo
843 4471 923 4547 quod
931 4512 940 4543 ,
954 4466 1042 4541 meld,
1057 4468 1099 4533 id.
1112 4467 1179 4531 coll.

362 4562 390 4619 θ.
405 4564 479 4620 Fam
488 4556 641 4620 editiones·
