3742 5667
612 823 676 879 VIR
695 822 745 879 DE
766 822 879 881 Lotus
898 824 946 880 LE
967 822 1076 883 daos,
1317 826 1374 885 l09

309 979 386 1026 non
407 954 478 1025 sub
498 955 623 1028 modio
641 960 669 1048 ¹,
689 958 753 1031 sed
769 956 991 1057 superposita
1010 958 1136 1045 monti,
1155 956 1250 1028 clare
1260 958 1376 1031 eluce-

308 1070 374 1142 bat
388 1069 488 1142 beati
497 1073 591 1145 Petri
603 1072 763 1165 ecclesia,
782 1090 819 1148 et
827 1072 979 1170 reliqua¹
988 1070 1087 1143 urbis
1097 1084 1131 1142 et
1143 1086 1242 1144 extra
1250 1075 1376 1147 amissa

308 1202 578 1283 temperantes,
596 1189 686 1261 tanti
707 1187 844 1261 domini
869 1186 1068 1283 gratissimo
1086 1184 1299 1260 fruebantur
1313 1214 1376 1287 pa·

309 1302 479 1373 trocinio.
507 1302 573 1375 Cui
588 1327 673 1375 cum
698 1305 736 1376 in
758 1302 894 1402 Apulia,
914 1302 1012 1401 apud
1038 1302 1219 1375 civitatem
1250 1308 1378 1377 Boton-

310 1431 392 1489 tum
412 1418 437 1506 ⁸,
461 1418 627 1491 missusa
646 1419 797 1519 domino
822 1444 904 1516 rege
929 1417 1114 1491 Ludovioo
1139 1444 1206 1518 pro
1228 1420 1377 1518 quibus-

309 1532 397 1605 dam
413 1533 518 1630 regni
535 1536 699 1631 negotiis,
713 1537 963 1625 occurrissem,
988 1535 1044 1606 vir
1058 1535 1287 1633 apostolicus,
1302 1552 1377 1610 tam

307 1672 379 1747 pro
397 1648 537 1722 domini
553 1652 644 1746 regis
659 1676 769 1748 quam
784 1676 851 1751 pro
866 1650 1073 1723 monasterii
1084 1652 1200 1723 nostri
1215 1676 1378 1725 reveren·

309 1766 374 1849 tia,
391 1764 593 1838 honorilice
616 1786 684 1838 nos
699 1767 847 1864 recepit,
869 1781 905 1838 et
924 1766 1060 1838 diutius
1085 1766 1237 1839 retinere
1254 1768 1374 1858 vellet,

309 1879 339 1950 si
366 1880 524 1951 ecclesie
539 1895 668 1953 nostra.
686 1905 810 1953 amore
827 1896 862 1953 et
878 1881 1083 1971 sociomm,
1103 1880 1242 1952 abbatis
1257 1885 1376 1956 Sancti

310 1994 500 2084 Germani,
523 1995 611 2067 socii
635 2010 673 2067 et
688 1996 898 2084 connutriti,
920 2010 957 2067 et
978 1995 1132 2067 aliorum
1149 1999 1377 2095 persuasione

311 2133 386 2181 non
401 2108 700 2184 devocaremur⁸.

360 2226 518 2297 Peractis
544 2227 664 2324 itaque
690 2228 791 2322 regni
816 2251 898 2324 quae
920 2251 1190 2329 susceperamus
1211 2230 1374 2326 negotiis,

310 2366 396 2413 cum
412 2367 584 2441 prospere
603 2343 721 2415 redire
743 2359 1020 2434 maturaremus,
1042 2360 1080 2417 ut
1105 2346 1376 2442 peregrinorum

311 2483 392 2529 mos
414 2473 482 2551 est,
509 2459 666 2557 hospitio
686 2459 840 2557 suscepti
863 2459 1022 2555 quadam
1046 2458 1141 2549 villa,
1166 2484 1251 2533 cum
1268 2460 1377 2533 finitis

312 2575 515 2665 matutinis,
536 2598 704 2645 auroram
720 2573 957 2671 expectando,
975 2574 1144 2646 vestitum
1160 2575 1196 2647 in
1212 2576 1304 2648 lecto
1317 2601 1378 2648 me

312 2689 577 2779 reddidissem,
605 2690 842 2787 semivigilans
881 2689 1008 2761 videor
1056 2688 1177 2761 videre
1210 2715 1267 2761 me
1304 2690 1376 2763 alto

312 2806 421 2877 maris
433 2808 565 2905 spatio,
579 2806 705 2903 exiguo
721 2804 842 2878 lembo
856 2805 975 2877 solum
991 2804 1091 2878 omni
1106 2805 1256 2902 remigio
1267 2803 1376 2878 desti-

314 2937 433 2995 tutum
450 2923 584 3019 vagari,
602 2922 780 3021 frequenti
797 2921 972 2995 fluctuum
991 2935 1108 3011 motu,
1127 2921 1240 2995 modo
1253 2947 1377 2994 aseen-

314 3038 458 3131 dendo,
495 3038 609 3111 modo
639 3036 915 3131 descendendo,
946 3038 1146 3137 periculose
1179 3039 1374 3131 fluctuare,

313 3178 526 3252 percussum
535 3154 687 3226 horrido
699 3153 873 3249 naufragii
888 3153 1033 3245 timore,
1054 3155 1258 3227 Divinitatis
1273 3179 1378 3227 aures

314 3269 431 3341 multo
445 3268 605 3341 clamore
622 3268 813 3341 sollicitare
831 3295 840 3339 z
860 3292 945 3341 cum
963 3268 1097 3361 subito,
1116 3270 1237 3343 divina
1252 3272 1376 3370 propi-

316 3386 478 3477 tiatione,
489 3386 579 3458 lenis
589 3400 627 3457 et
640 3384 778 3484 placida
790 3409 893 3477 aura,
912 3402 1083 3483 tanquam
1098 3386 1189 3457 sudo
1204 3410 1286 3459 aere
1301 3412 1377 3460 sus·

313 3501 433 3593 citata,
453 3501 643 3573 tremulam
658 3515 695 3572 et
713 3502 810 3598 jam⁸
835 3501 1097 3598 periclitantem
1115 3502 1252 3575 miserae
1273 3505 1373 3575 navi-

314 3613 403 3686 culte
420 3637 570 3711 proram
589 3612 820 3684 indirectum
841 3628 1066 3712 retorquens,
1084 3613 1255 3712 opinione
1274 3616 1377 3687 citius

357 3808 386 3862 l.
405 3804 520 3873 Medio,
533 3802 699 3881 perperam,
717 3800 785 3861 edd.
807 3802 908 3861 Germ.
926 3822 962 3861 ao
981 3801 1085 3863 chesn.
1107 3800 1238 3861 Meminit
1256 3798 1303 3862 hic
1325 3804 1378 3863 Su·

319 3895 413 3976 gorius
425 3894 556 3956 mtthaei
567 3899 691 3976 Erang,
703 3914 734 3976 v,
750 3899 801 3973 ll,
818 3899 868 3957 ld.
991 3922 993 3930 ’

357 3993 389 4052 2.
408 3989 456 4050 Sic
478 3988 618 4049 editiones
638 3990 740 4051 Germ.
759 4002 790 4050 et
823 3989 971 4052 Benedict.
988 4022 1029 4039 -
1045 3994 1168 4069 Reliqua
1194 3990 1224 4051 in
1244 3990 1377 4052 omnibus

320 4082 404 4145 codd.
419 4082 527 4141 nostris
541 4102 574 4143 ac
584 4084 615 4141 in
627 4081 697 4142 edit.
713 4082 820 4144 chesn.

357 4182 387 4238 3.
400 4180 544 4235 Bitonrum
557 4176 709 4256 legendum
724 4189 843 4236 censent
860 4178 1010 4239 Benedict.

360 4274 390 4331 4.
401 4276 487 4329 Anno
500 4272 575 4328 112¹
590 4268 694 4329 missus
705 4280 749 4328 est
759 4268 898 4348 Superius
906 4270 945 4330 ad
958 4290 1063 4353 papam
1079 4270 1222 4331 calixtum
1233 4290 1299 4332 cum
1316 4274 1377 4333 llu-

325 4384 405 4443 gme,
416 4364 521 4424 abbate
532 4362 630 4423 Sancti
643 4360 780 4424 Germani
796 4365 927 4424 irPratis.

362 4462 390 4517 t.
403 4456 450 4519 Sic
461 4456 550 4519 codd.
562 4475 662 4517 omnes
675 4476 710 4515 ao
722 4454 794 4519 edit.
808 4456 957 4521 Benedict.
972 4489 1012 4505 -
1024 4460 1061 4518 Et
1072 4473 1133 4517 tam
1142 4459 1213 4525 edit.
1225 4462 1325 4521 Germ.
1337 4488 1377 4505 -

326 4556 440 4611 Initum
448 4551 523 4613 edit.
538 4551 644 4613 Chesn.
