3742 5667
493 826 533 882 ss
701 816 871 879 mutnus
893 803 1107 877 contraires
1127 821 1177 875 on
1196 819 1331 877 sunna.

496 953 729 1027 dissolutione
744 979 803 1025 rex
822 953 1013 1043 lacessitus,
1040 952 1124 1025 illue
1140 953 1224 1024 lieet
1241 952 1372 1024 invitus
1391 974 1555 1050 propera-

495 1072 572 1143 vit:
597 1085 736 1143 etcum
760 1070 886 1168 saepius
910 1083 981 1143 tarn
1010 1068 1121 1141 irater
1148 1094 1257 1166 quam
1281 1068 1335 1140 sui
1362 1068 1555 1141 fortissima

494 1186 651 1259 militum
673 1210 802 1274 manu,
826 1184 950 1257 multa'
963 1185 1146 1283 jactantia,
1172 1184 1354 1282 repulsam
1376 1183 1555 1282 promisis-

495 1318 587 1393 sent,
605 1303 740 1399 seipsos
753 1301 892 1373 etiama
907 1314 1023 1373 castro
1039 1300 1156 1372 timidi
1170 1300 1457 1371 absentaverunt.
1471 1302 1553 1386 Quo

494 1444 557 1491 rex
581 1416 745 1515 expedite
761 1420 914 1509 irruens,
937 1417 1106 1489 loricatus
1124 1440 1189 1513 per
1207 1415 1369 1488 medium
1386 1414 1491 1487 castri
1506 1412 1555 1485 ad

496 1534 625 1605 turrim
641 1531 822 1624 testinans,
839 1531 1027 1604 obsidione
1044 1532 1154 1605 cinxit
1168 1560 1178 1623 3
1198 1531 1358 1627 dumque
1374 1530 1555 1602 machinas

496 1647 787 1745 impugnatorias,
804 1645 1070 1743 mangunnella,
1089 1661 1125 1719 et
1140 1644 1394 1717 fundibularia¹
1409 1644 1555 1719 inchoat

495 1765 826 1854 instrumenta,non
842 1763 976 1854 statim,
990 1763 1053 1835 sed
1066 1778 1148 1861 post
1159 1761 1293 1834 multos
1308 1762 1397 1853 dies,
1412 1788 1497 1835 cnm
1510 1763 1557 1835 de

495 1881 567 1952 vita
578 1877 820 1978 desperarent,
839 1903 900 1951 eos
915 1878 962 1950 ad
977 1876 1199 1951 deditionem
1212 1880 1360 1975 coegit’.

546 1997 694 2069 Interim
720 2020 804 2068 vero
833 2010 949 2069 mater
978 2010 1013 2067 et
1042 1994 1238 2067 avunculus
1267 1994 1486 2067 Amalrious⁸
1510 1994 1557 2067 de

494 2112 729 2202 MonteForti,
743 2110 888 2184 alterius
896 2111 1060 2201 honoris,
1073 2108 1235 2181 videlicet
1244 2110 1375 2181 Montis
1384 2110 1521 2183 leherii
1528 2112 1550 2201 ⁶,

495 2226 728 2300 formidantes
752 2226 994 2316 amissionem,
1024 2225 1180 2298 eundem
1205 2224 1384 2297 honorem
1414 2227 1558 2323 Hugoni

495 2342 724 2433 Creciacensi,
750 2340 861 2413 filiam
883 2341 1050 2413 amalrici
1070 2340 1302 2414 matrimonio
1329 2340 1554 2439 copulantes,

494 2456 738 2530 contulerunt.
759 2460 838 2529 Hoc
853 2457 926 2551 regi
940 2457 951 2493 ⁸
976 2481 1089 2528 unum
1107 2457 1393 2555 peremptorium
1409 2456 1558 2556 impedi·

495 2589 658 2645 mentum
670 2595 856 2671 opponere
874 2586 1067 2669 sperantes,
1088 2586 1128 2643 ut
1147 2568 1203 2671 [ei]
1214 2574 1237 2662 ⁸,
1269 2586 1343 2644 tam
1362 2571 1472 2670 ipsius
1489 2571 1557 2643 ho·

494 2688 594 2759 noris
609 2689 731 2759 castris
754 2712 864 2785 quam
873 2686 1049 2759 Guidonis
1067 2684 1112 2757 de
1131 2690 1230 2786 Rupe
1243 2686 1339 2759 Forti
1354 2686 1473 2759 fratris
1487 2689 1555 2780 sui,

496 2804 606 2899 ipsius
625 2828 769 2901 quoque
785 2802 950 2874 Amalrici
972 2826 1084 2899 usque
1107 2802 1144 2872 in
1168 2804 1421 2875 Normanniam
1442 2818 1559 2901 potes-

496 2934 567 2990 tate
581 2920 657 2991 sine
673 2917 946 3018 interpolatione
962 2931 1117 3008 extensa,
1140 2918 1194 2990 via
1210 2917 1470 3018 impediretur*
1493 2947 1502 3013 ;
1523 2934 1560 2991 et

497 3036 649 3132 praeter‘
676 3034 762 3105 alias
778 3058 865 3131 quas
879 3047 1026 3133 possent
1040 3033 1140 3105 omni
1160 3032 1217 3105 die
1228 3034 1358 3106 inferre
1369 3060 1479 3132 usque
1494 3039 1560 3106 Pa-

495 3150 620 3221 risium
643 3148 803 3246 injuriaS,
823 3149 929 3219 etiam
954 3152 1089 3219 Drooas
1104 3148 1156 3220 ire
1176 3148 1207 3219 ei
1230 3148 1331 3222 nullo
1347 3148 1459 3223 modo
1475 3175 1558 3252 per-

495 3264 711 3337 mitteretur.
731 3268 822 3336 Cum
845 3265 942 3336 enim
963 3268 1079 3361 Hugo,
1099 3264 1187 3338 inito
1208 3266 1454 3359 matrimonio,
1472 3266 1559 3341 illuc

496 3378 665 3454 velociter
695 3392 866 3471 curreret,
893 3379 1049 3478 velocius
1072 3404 1155 3452 eum
1172 3405 1234 3452 rex
1253 3380 1464 3455 subsecutus
1478 3397 1556 3474 est3

494 3516 580 3567 cum
591 3494 719 3568 eadem
727 3495 831 3587 hora,
848 3494 977 3569 eodem
994 3511 1192 3590 momento,
1203 3512 1243 3569 ut
1256 3500 1432 3598 comperit
1440 3500 1464 3591 ⁸,
1476 3503 1559 3571 Cas·

536 3794 567 3847 l.
586 3787 630 3865 lta
644 3787 723 3847 6265
738 3799 768 3847 et
780 3787 829 3850 ed.
841 3786 989 3847 Benedict.
1002 3819 1043 3833 -
1055 3788 1265 3848 Fundr'balarr'a
1278 3787 1328 3848 alii
1337 3788 1424 3852 codd.
1439 3808 1473 3848 ac
1487 3787 1557 3853 edd.

534 3888 567 3941 2.
582 3889 667 3941 Anno
679 3883 757 3943 1108
771 3881 816 3941 vel
828 3884 918 3946 1¹09.
933 3916 974 3928 -
986 3884 1017 3944 3.
1031 3888 1193 3943 Abrruticus
1206 3886 1274 3954 135,
1287 3896 1319 3943 ut
1332 3884 1456 3948 etinfra.

536 3980 555 4035 li
580 3978 812 4037 Montis-Leberi
833 3980 903 4037 543.

537 4074 566 4128 5.
586 4074 660 4149 Rege·
689 4074 762 4142 543,
790 4072 884 4143 5925,
912 4071 1003 4143 6265,
1031 4090 1065 4129 ac
1087 4070 1134 4131 ed.
1157 4070 1307 4135 Benedict.
1327 4107 1368 4119 —
1388 4079 1429 4135 Ei
1454 4073 1560 4154 reliqui

495 4162 581 4221 oodd.
598 4176 628 4221 et
642 4162 709 4222 edd.

537 4263 566 4320 6.
581 4262 622 4321 Ei
633 4257 710 4318 inter
722 4258 842 4318 uncinos
854 4256 954 4341 adjicit
970 4258 1018 4321 ed.
1032 4258 1182 4321 Benedict.

537 4356 566 4412 7.
583 4358 668 4409 Viam
683 4355 853 4429 lanpedirent
866 4354 945 4413 solus
957 4355 1070 4414 12710.

536 4449 566 4503 8.
581 4448 639 4504 Per
653 4450 722 4518 135,
741 4458 772 4505 et
784 4444 853 4505 edd.
868 4448 968 4506 Germ.
985 4467 1019 4505 ac
1032 4446 1137 4507 Cliesn.

536 4542 565 4597 9.
580 4542 719 4615 corruperit
729 4538 790 4597 sola
803 4540 851 4599 etl.
871 4538 1042 4604 chesniana.
