3742 5667
701 721 764 778 vlt:
785 721 835 778 ΒΕ
855 719 991 779 SUGER.
1318 721 1376 780 3¹19

312 855 437 926 omnia
453 869 519 945 est,
538 852 659 925 divina
674 851 904 950 dispensatio,
918 875 998 948 quae
1013 850 1111 924 hunc
1127 853 1290 926 Ecclesiae
1306 880 1376 927 suae

312 994 375 1040 vas
391 969 616 1041 inhonorem
631 982 904 1067 praeparaverat.
921 971 1032 1038 Tanta
1048 969 1142 1040 enim
1159 966 1259 1040 illum
1281 970 1376 1042 noti·

312 1085 361 1157 tia
390 1086 580 1175 invaserat,
609 1098 663 1174 ut,
695 1083 833 1156 etiamsi
861 1083 900 1155 iu
921 1097 1078 1156 extrema
1108 1081 1374 1172 reconderetur,

311 1201 464 1300 pristina
483 1216 602 1272 tamen
619 1198 723 1272 illum
746 1198 908 1298 probitas
932 1199 1195 1271 demonstraret
1210 1215 1247 1271 et
1265 1201 1378 1272 virtu·

311 1331 366 1388 tes
382 1315 592 1414 proderent,
618 1313 807 1412 inquibus
830 1340 852 1386 a
874 1339 988 1414 puero
1010 1315 1222 1387 exercitatus
1245 1313 1373 1388 suerat.

309 1436 421 1504 Tanta
443 1430 547 1504 illum
562 1430 625 1503 lux
640 1445 789 1530 propter
802 1431 920 1529 prima
936 1445 972 1502 et
990 1429 1126 1526 integra
1141 1429 1291 1501 consilia
1306 1431 1376 1502 cir-

309 1544 566 1642 cumsulgebat,
585 1561 627 1618 ut
646 1546 809 1643 quamvis
834 1545 943 1618 vellet
957 1544 1121 1617 tenebras
1132 1543 1281 1636 habere,
1300 1569 1375 1618 non

308 1676 443 1759 posset.
461 1660 684 1734 Mirabantur
695 1685 822 1733 omnes
832 1660 995 1733 animum
1006 1661 1043 1732 in
1055 1657 1118 1732 illo
1133 1658 1372 1749 moderatum,

309 1777 557 1869 excellentem,
576 1802 725 1850 omnem
754 1791 935 1848 tumorem
964 1776 1074 1848 seculi
1099 1776 1316 1865 calcantem,
1340 1788 1377 1846 ct

309 1893 483 1992 quicquid
500 1893 627 1990 vulgus
645 1895 770 1965 timere
787 1892 878 1965 solet
898 1891 955 1965 vel
978 1907 1101 1993 optare
1124 1890 1315 1982 ridentem,
1336 1891 1372 1962 in
1419 1922 1423 1930 ·

309 2009 449 2081 mundo
474 2009 622 2108 quidem
647 2010 902 2098 constitutum,
931 2009 995 2081 sed
1021 2007 1170 2080 meliore
1192 2009 1246 2080 sul
1272 2020 1373 2105 parte

307 2124 514 2197 coelestibus
528 2123 757 2197 inlraerentem
770 2122 796 2197 ¹.

356 2241 429 2328 Qui
445 2264 529 2313 cum
545 2255 711 2340 praeesset
732 2241 973 2332 monasterio,
991 2254 1141 2341 praeerat
1156 2255 1193 2311 ct
1214 2236 1371 2338 palatio;

306 2354 430 2453 sicque
443 2370 637 2453 utrumque
656 2355 880 2454 dispensabat
898 2355 1073 2448 officium,
1089 2369 1129 2428 ut
1145 2379 1213 2427 nec
1234 2354 1373 2426 illuma

305 2468 451 2543 claustri
467 2496 553 2542 cura
567 2471 778 2571 prohiberet
798 2474 914 2564 curia,
937 2496 1045 2544 neca
1066 2469 1223 2544 consiliis
1240 2469 1372 2568 princi·
1494 2510 1499 2520 ·

304 2611 395 2685 pum
422 2587 521 2659 hunc
548 2604 732 2661 excusaret
757 2590 1016 2661 monasterium
1041 2585 1068 2658 ².
1098 2592 1201 2658 Hunc
1225 2600 1374 2684 propter

305 2701 494 2798 magnifica
511 2718 547 2775 et
557 2719 653 2775 recta
664 2704 811 2776 consilia
827 2705 993 2804 princeps
1004 2701 1243 2775 venerabatur
1257 2717 1296 2774 ut
1309 2727 1371 2800 pa-

305 2831 414 2910 trem,
434 2819 625 2892 verebatur
635 2835 676 2892 ut
686 2820 926 2919 pedagogum.
937 2821 1029 2892 Huic
1044 2818 1247 2892 advenienti
1259 2842 1372 2890 assur·

305 2933 439 3030 gebant
454 2935 634 3036 praesules,
653 2951 690 3008 et
702 2937 797 3009 inter
819 2936 899 3009 illos
912 2937 1051 3037 primus
1065 2934 1257 3007 residebat.
1282 2937 1370 3005 Nam

303 3051 471 3150 quotiens
483 3052 690 3148 urgentibus
704 3053 806 3148 regni
819 3053 970 3148 negotiis
985 3052 1103 3124 vocati
1121 3049 1373 3122 convenissent

300 3169 473 3268 episcopi,
491 3169 700 3241 consulente
720 3167 801 3240 illos
818 3169 995 3269 principe,
1014 3167 1112 3239 huuc
1135 3191 1200 3266 pro
1224 3179 1371 3264 experta

303 3296 340 3354 et
348 3282 500 3382 probata
511 3284 704 3383 prudentia
717 3309 831 3356 unum
841 3309 909 3384 pro
919 3282 1089 3356 omnibus
1102 3305 1274 3381 responsa
1287 3279 1372 3354 dare

303 3399 519 3471 unanimiter
541 3400 819 3499 compellebant.
845 3400 976 3473 Verbis
992 3400 1100 3490 illius,
1118 3413 1159 3470 ut
1183 3397 1228 3470 de
1248 3422 1285 3468 se
1301 3395 1370 3468 Job

303 3529 455 3586 testatur
466 3518 489 3606 ⁸,
505 3513 636 3587 addere
657 3516 752 3587 nihil
768 3514 947 3588 audebant
968 3541 1051 3586 cam
1074 3539 1182 3612 saper
1195 3513 1275 3584 illos
1291 3511 1370 3582 stil-

304 3629 398 3702 laret
410 3630 589 3730 eloquiam
608 3631 700 3730 ejus.
720 3637 788 3705 Per
802 3631 901 3704 hunc
916 3629 1055 3704 clamor
1070 3627 1197 3730 pupilli
1212 3642 1249 3699 et
1266 3649 1370 3698 causa

345 3893 376 3948 1.
391 3889 553 3947 latrantem
568 3889 638 3949 edd.

342 3986 371 4041 2.
388 3985 467 4057 Quos
479 3982 580 4040 laudat
593 3981 766 4042 Guillelmus
779 3981 894 4060 sugerii
908 3999 1016 4052 mores,
1028 3997 1087 4038 nou
1103 3995 1216 4057 semper
1228 3975 1317 4035 iidem
1331 3976 1368 4036 ab

301 4073 387 4133 initio
401 4073 550 4152 regiminis
563 4076 654 4156 ipsius
665 4076 799 4148 extitere,
816 4087 848 4133 ut
862 4073 943 4134 aiunt
955 4071 1146 4132 benedictini.
1163 4074 1207 4130 De
1221 4075 1266 4128 sul
1280 4069 1370 4150 ipsius

303 4180 333 4225 et
350 4167 412 4247 ejus
424 4169 591 4227 monasterii
602 4168 818 4242 reformatione,
835 4189 900 4248 quae
914 4169 993 4228 baud
1013 4164 1106 4226 serius
1120 4183 1197 4224 auno
1211 4163 1297 4223 tertio
1315 4163 1369 4221 ad·

302 4260 521 4320 ministrationis
538 4282 598 4320 suae
616 4262 752 4344 contigit,
765 4263 806 4325 cf.
825 4260 1044 4340 gratulatoriam
1059 4263 1089 4320 S.
1109 4257 1251 4320 Bemardi
1264 4257 1369 4338 episto·

299 4337 357 4411 l'am
374 4357 422 4418 78.

340 4453 370 4508 3.
387 4447 456 4524 tob,
469 4469 554 4520 xxrx,
578 4454 629 4512 22.
