3742 5667
617 794 680 851 vta
700 795 750 851 DE
768 793 880 851 touls
900 794 946 851 LE
968 792 1075 854 GROS.
1317 794 1375 853 139

300 926 419 1001 clesia
437 928 541 1003 beati
551 929 724 1025 Dionysii,
733 928 771 1001 in
784 929 969 1028 sepultura
980 954 1105 1025 regum
1118 945 1155 1003 et
1164 932 1304 1005 sinistra
1318 930 1378 1003 al-

302 1054 397 1127 taris
412 1069 550 1128 sancta
565 1056 743 1127 Trinitatis
755 1069 872 1152 parte,
890 1055 1091 1127 multorum
1105 1071 1285 1129 conventu
1299 1056 1371 1155 epi-

302 1194 516 1267 scoporum
536 1185 574 1243 et
591 1172 691 1266 regni
714 1171 943 1269 optimatum,
974 1194 1075 1243 more
1091 1172 1190 1267 regio
1210 1171 1375 1266 humato,

303 1301 418 1384 pater
430 1287 575 1385 sapiens
584 1301 667 1385 post
680 1286 848 1381 lugubres
861 1287 1116 1383 querimonias,
1133 1302 1215 1385 post
1229 1288 1379 1361 misera·

305 1403 407 1475 biles
433 1404 518 1476 vitae
541 1403 741 1502 superstitis
763 1403 1051 1501 imprecationes,
1074 1401 1321 1498 religiosorum
1342 1418 1379 1477 et

304 1520 539 1618 sapientium
557 1518 726 1610 consilio,
752 1516 930 1591 consolari
952 1517 1109 1590 admisit.
1135 1519 1205 1606 Qui
1222 1543 1306 1615 ergo
1325 1518 1380 1589 in-

307 1635 394 1708 timi
413 1637 494 1734 ejus
509 1651 546 1707 et
562 1635 750 1707 familiares
761 1659 918 1725 eramus,
947 1633 1177 1707 formidantes
1193 1633 1241 1706 ob
1259 1636 1380 1731 jugem

309 1750 501 1824 debilitati
514 1751 679 1849 corporis
699 1749 902 1823 molestiam
916 1750 992 1847 ejus
1008 1748 1170 1821 subitum
1183 1750 1377 1841 defectum,

308 1867 566 1940 consuluimus
584 1867 617 1937 ei
632 1867 800 1963 quatinus
825 1865 942 1938 lilium
959 1865 1196 1954 Ludovicurn,
1211 1863 1380 1964 pulcher-

308 1983 456 2054 rimum
484 2007 650 2081 puerum,
682 1983 779 2078 regio
806 1981 1009 2054 diademate
1039 1996 1265 2072 coronatum,
1289 1982 1380 2053 sacri

313 2099 471 2196 liquoris
483 2099 653 2171 unctione
671 2122 791 2193 regem
810 2122 933 2171 secum
954 2097 1001 2170 ad
1020 2097 1258 2171 refellendum
1268 2123 1379 2171 aemu·

310 2215 439 2287 lorum
462 2215 661 2287 tumultum
687 2216 932 2288 constitueret.
967 2215 1039 2303 Qui
1067 2214 1223 2288 consiliis
1248 2215 1380 2287 nostris

313 2331 566 2427 adquiescens,
589 2332 708 2403 Remis
724 2355 808 2402 cum
824 2330 974 2427 conjuge
988 2346 1025 2402 et
1038 2330 1114 2403 lilio
1128 2346 1165 2403 et
1180 2331 1279 2427 regni
1293 2355 1380 2430 pro·

315 2445 463 2519 ceribus
483 2444 641 2538 devenit,
669 2444 747 2535 ubi,
773 2446 811 2517 in
836 2445 945 2546 pleno
967 2462 1004 2518 et
1030 2424 1265 2519 celeberrimo
1279 2445 1379 2544 quod

314 2564 489 2637 dominus
520 2586 612 2660 papa
648 2563 878 2635 Innocentius
906 2578 1168 2635 convocaverat
1207 2562 1375 2655 concilio,

318 2683 412 2752 sacri
437 2677 506 2751 olei
532 2678 702 2749 unctione
724 2693 760 2749 et
789 2703 932 2750 coronae
952 2680 1051 2774 regni
1077 2678 1327 2778 deportatione
1343 2680 1381 2750 in

316 2819 440 2891 regem
463 2791 708 2883 sublimatum,
734 2792 875 2868 felicem
900 2793 1058 2893 providit
1072 2820 1184 2891 regno
1199 2818 1380 2867 successo·

320 2936 409 2983 rem.
437 2908 541 2981 Unde
563 2909 687 2981 multis
707 2912 808 3007 quasi
823 2910 980 3008 quodam
1003 2913 1174 3011 praesagio
1193 2911 1384 2984 videbatur

321 3028 396 3123 ejus
411 3024 545 3099 debere
557 3025 767 3123 amplificari
787 3029 963 3125 potentia,
990 3028 1051 3124 qui
1076 3042 1130 3099 tot
1146 3042 1182 3098 et
1200 3042 1383 3099 tantorum

322 3157 356 3214 et
380 3157 453 3213 tam
475 3140 704 3213 diversorum
725 3143 1093 3241 archiepiscoporum,
1112 3144 1379 3242 episcoporum,

323 3262 554 3348 Francorum,
565 3258 882 3349 l'heutonicorum,
894 3259 1382 3355 aquitanorum,Anglorum,

327 3376 566 3473 llispanorum
586 3375 741 3473 suscepit
763 3374 1053 3447 benedictionem
1067 3376 1261 3473 copiosam.
1278 3378 1385 3447 eum-

329 3516 399 3588 que
424 3504 541 3588 pater,
568 3492 642 3565 vivi
670 3490 802 3586 gaudio
823 3490 981 3563 defuncti
1013 3491 1179 3563 dolorem
1198 3491 1381 3581 allevians,

330 3606 503 3677 Parisium
515 3605 661 3695 rediret,
675 3605 844 3678 dominus
854 3632 960 3704 papa,
980 3608 1115 3678 soluto⁸
1127 3606 1299 3697 concilio,
1317 3610 1385 3678 llu-

329 3720 633 3817 tissiodoroelegit
646 3721 837 3794 demorari.
851 3714 1165 3820 Opportunitatem
1178 3746 1264 3793 vero
1279 3747 1383 3821 repa·

330 3838 461 3910 triandi
477 3838 684 3909 nanciscens
698 3837 743 3908 de
753 3838 980 3936 imperatoris
992 3836 1180 3909 laudovici⁸
1208 3838 1380 3909 comitatu

331 3952 426 4051 (quia
439 3954 567 4025 eumin
584 3976 694 4024 manu
707 3953 790 4025 forti
800 3958 954 4026 Romam
970 3953 1167 4051 perducere
1186 3968 1222 4025 et
1237 3957 1383 4024 Petrum

331 4071 455 4141 leonis
467 4067 647 4167 deponere
671 4069 946 4167 spoponderat),
963 4071 1139 4143 illuccum
1160 4095 1205 4142 eo
1220 4069 1377 4143 devenit.

368 4345 398 4402 f.
411 4348 512 4402 Intimi
521 4356 552 4401 et
563 4344 724 4420 familiares
737 4347 826 4406 aaut.
842 4378 881 4389 -
893 4352 995 4406 Intimi
1009 4346 1171 4421 familiares
1181 4348 1291 4407 12710.

370 4438 686 4512 attenuationem
697 4442 836 4497 allevians
845 4438 950 4499 desunt
960 4438 992 4498 in
1002 4439 1070 4498 cod.
1086 4442 1158 4499 tata
1167 4444 1196 4500 0.
1257 4480 1263 4496 .

371 4534 399 4591 3.
411 4534 508 4601 Solito,
520 4534 687 4610 perperim,
697 4530 739 4591 id.
750 4533 817 4594 cod.
840 4564 881 4580 -
900 4533 931 4595 li.
944 4534 1076 4593 Intimi
1088 4533 1253 4612 legendum.
