3742 5667
551 887 614 942 VIE
635 887 685 942 DF.
705 885 818 944 LOUIS
837 887 885 944 Lu
906 885 1016 948 GROS.
1267 892 1307 966 ‚tt

243 1021 370 1113 duini,
401 1043 482 1118 quae
515 1043 581 1092 nec
610 1017 854 1109 haereditario,
883 1017 947 1091 sed
974 1019 1162 1092 occasione
1193 1022 1312 1119 cujus·

245 1137 331 1210 dam
362 1136 585 1210 matrimonii
615 1133 661 1208 de
690 1136 868 1209 comitissa
894 1134 1087 1226 adelaide,
1116 1161 1225 1235 quam
1255 1163 1314 1212 re·

247 1269 346 1328 tento
367 1269 488 1328 castro
514 1269 672 1352 spretam
692 1252 906 1353 repudiavit,
931 1253 979 1324 ad
1007 1277 1091 1325 eum
1115 1256 1311 1354 spectabat,

247 1397 329 1444 cum
351 1370 572 1469 quibusdam
594 1369 885 1444 curboilensium
909 1370 1155 1464 conferentes,
1170 1372 1315 1471 jureju-

247 1487 359 1562 rando
383 1490 421 1560 in
440 1503 577 1579 castro,
598 1501 701 1559 caute
721 1500 856 1576 tamen,
876 1511 939 1560 eos
963 1487 1119 1585 recipere
1147 1487 1314 1565 firmave-

248 1621 340 1678 runt.
366 1609 536 1693 Quorum
555 1604 785 1702 persuasione
809 1628 894 1676 cum
913 1629 976 1676 rex
992 1628 1106 1702 pauca
1125 1605 1315 1682 curialium
1433 1678 1437 1683 ,

251 1747 366 1812 manu,
384 1747 432 1794 ne
454 1720 711 1820 publicaretur,
728 1720 972 1812 accelerasset,
992 1745 1072 1793 sero
1087 1746 1171 1795 cum
1195 1724 1316 1798 adhuc

250 1843 339 1914 circa
352 1839 455 1934 ignes
470 1837 805 1927 confabularentur,
825 1839 886 1935 qui
901 1837 1075 1935 premissi
1091 1838 1247 1931 fuerant,
1264 1841 1316 1913 vi-

251 1954 375 2028 delicet
393 1954 558 2026 ansellus
571 1953 617 2026 de
631 1953 809 2028 Garlanda
823 1956 831 1998 ¹
854 1952 1008 2052 dapifer,
1025 1969 1197 2052 tanquam
1212 1955 1316 2029 miles

252 2089 430 2162 strenuus,
460 2085 565 2168 porta
594 2095 665 2166 qua
692 2069 971 2142 determinatum
1006 2086 1081 2142 erat
1111 2096 1202 2170 pene
1230 2097 1316 2146 cum

253 2189 484 2288 quadraginta
505 2188 651 2260 armatis
676 2201 856 2284 receptus,
878 2185 1016 2260 viribus
1036 2211 1118 2260 eam
1138 2213 1316 2291 occupare

253 2303 446 2378 contendit.
466 2308 601 2376 Verum
616 2301 787 2401 oppidani
804 2302 988 2375 lremitum
1005 2328 1196 2402 equorum,
1214 2307 1315 2406 equi·

254 2437 323 2494 tum
342 2445 513 2492 murmur
534 2420 760 2517 inopinatum
780 2418 1019 2513 admirantes,
1037 2436 1183 2494 econtra
1199 2427 1315 2521 prosi·

254 2537 357 2629 liunt,
372 2553 409 2610 et
426 2539 513 2635 quia
528 2537 586 2609 via
602 2537 701 2608 ostiis
717 2537 891 2635 oppositis
902 2535 1121 2630 arctabatur,
1135 2555 1172 2611 et
1182 2541 1317 2637 ingres·

254 2657 315 2728 sis¹
327 2654 374 2728 ad
388 2669 522 2728 nutum
540 2670 603 2726 aut
618 2654 670 2726 ire
684 2668 747 2726 aut
759 2653 878 2727 redire
896 2653 1125 2748 prohibebat,
1138 2655 1316 2756 indigene

255 2771 476 2874 proforibus
496 2770 704 2845 audaciores
723 2769 923 2870 expeditius
944 2795 1006 2844 eos
1028 2769 1224 2847 caedebant.
1245 2777 1318 2865 Qui

254 2906 287 2964 et
299 2891 414 2964 noctis
434 2889 679 2963 tenebrarum⁸
690 2890 866 2987 opacitate
883 2903 919 2961 et
936 2887 1009 2962 loci
1023 2891 1196 2963 coarctati
1208 2891 1317 2966 infor·

257 3009 367 3097 tunic,
383 3031 470 3080 eum
486 3007 662 3078 sustinere
677 3005 812 3078 diutius
831 3029 906 3078 non
923 3005 1082 3079 valentes
1098 3022 1243 3106 portam
1259 3034 1317 3084 re-

256 3125 440 3224 petissent,
459 3121 632 3215 Ansellus,
651 3137 692 3196 ut
716 3139 792 3196 erat
809 3122 1012 3213 animosus,
1031 3125 1261 3200 retrocedens
1281 3140 1318 3201 et

257 3267 372 3332 cesus,
388 3243 474 3342 quia
490 3259 634 3343 portam
651 3241 757 3316 hoste
779 3243 995 3341 anticipatus
1017 3267 1092 3316 non
1110 3244 1241 3344 potuit,
1259 3246 1316 3317 in·

256 3375 440 3458 ter-ceptus,
457 3361 588 3432 turrim
601 3360 708 3432 castri
724 3358 899 3458 ejusdem,
913 3383 989 3433 non
1004 3376 1045 3433 ut
1056 3359 1239 3456 dominus,
1253 3361 1318 3436 sed

256 3477 452 3576 σημήναθ’,
468 3501 552 3549 cum
573 3477 704 3550 comite
720 3476 945 3550 Corboilensi
962 3479 1160 3576 occupavit.
1177 3484 1221 3552 Et
1239 3479 1317 3580 pari

256 3592 392 3684 dolore,
406 3591 542 3691 dispari
557 3593 700 3686 timore,
714 3619 798 3666 cum
812 3595 903 3668 alius
917 3611 1087 3688 mortem,
1097 3595 1186 3668 alius
1200 3595 1317 3668 erhae·

256 3708 473 3782 redationem
488 3723 628 3782 tantum
642 3712 816 3805 timeret¹,
832 3735 957 3785 versus
977 3712 1036 3785 ille
1052 3714 1103 3786 eis
1115 3713 1229 3812 aptari
1246 3738 1318 3813 po·

256 3839 350 3898 terat
368 3853 375 3896 :

475 4023 717 4046 ........
739 3986 850 4043 Solatia
863 3985 921 4060 sati

475 4077 619 4154 Clartugo
629 4079 799 4154 Mariusque
811 4081 878 4136 tulit
886 4075 908 4139 ⁸.

295 4277 328 4338 l.
356 4273 494 4344 Gallanda
509 4273 619 4334 l2'llO.

296 4371 317 4428 2
355 4373 493 4444 Ingressis
505 4367 577 4429 54³.
592 4371 791 4446 -Ingressus
803 4363 888 4446 reliq.
902 4364 992 4429 codd.
1007 4384 1041 4424 ac
1051 4365 1118 4426 edd.

175 4489 177 4500 ·
298 4465 331 4522 3.
349 4461 496 4521 Tenebrae·
506 4465 563 4521 tas
575 4473 604 4538 et
614 4459 662 4522 ed.
670 4459 1087 4538 chesn.—t.Sedutcapttvus
1095 4457 1244 4542 corrigunt
1251 4460 1319 4526 edd.

175 4553 178 4570 ¹
299 4557 332 4616 5.
355 4553 405 4614 Sic
416 4557 471 4614 tat
483 4567 513 4614 et
524 4555 591 4618 edd.
605 4587 645 4600 —
658 4554 838 4616 Formidaret
850 4553 956 4634 reliqui
967 4566 1094 4634 quatuor
1112 4554 1200 4618 codd.

301 4651 333 4710 Β.
357 4651 463 4710 lacau.
475 4649 591 4724 Ptars,
605 4648 657 4714 lib.
674 4651 715 4724 ll,
729 4668 759 4709 v.
771 4651 819 4710 91.
