3742 5667
476 781 527 837 ne
546 780 595 839 ns
613 760 891 838 consecrantes
911 780 963 835 os
980 779 1254 868 stiur-neuin,
1333 782 1391 840 ass

327 912 437 985 tionis
454 910 642 1008 mysteriis,
654 922 803 983 ventum
817 908 929 982 estad
942 922 1146 982 sanctarum
1160 911 1389 1010 reliquiarum

326 1028 600 1127 repositionem,
624 1024 671 1098 ad
700 1040 905 1098 sanctorum
928 1024 1163 1099 dominorum
1184 1042 1391 1104 nostrorum

329 1143 497 1240 antiquos
518 1156 555 1215 et
582 1139 803 1215 venerandos
828 1138 986 1213 tumulos
1008 1142 1222 1214 accessimus
1250 1143 1390 1242 (neque

329 1258 425 1331 enim
449 1258 570 1332 adbuc
590 1257 734 1331 deloco
752 1270 931 1329 suomota
963 1256 1092 1353 erant).
1123 1262 1391 1333 Prostementes

330 1388 449 1449 autem
467 1400 505 1449 se
525 1391 599 1448 tam
627 1374 694 1472 ipsi
723 1371 910 1471 pontifices
937 1396 1048 1471 quam
1071 1373 1240 1447 dominus
1258 1400 1333 1469 rex,
1355 1393 1392 1451 et

328 1516 395 1565 nos
419 1516 560 1585 omnes,
585 1505 761 1589 quantum
779 1513 845 1588 pro
871 1488 944 1563 loci
969 1491 1130 1585 angustia
1157 1492 1391 1590 permitteba-

328 1632 433 1700 mur,
459 1595 629 1707 inspectis
652 1607 735 1681 isto¹
761 1620 890 1704 operto
914 1608 1130 1679 venerandis
1145 1609 1284 1682 scriniis
1305 1634 1389 1706 rege

328 1723 534 1821 Dagobertc
561 1722 754 1812 fabricatis,
786 1720 979 1820 inquibus
1010 1723 1231 1797 sanctissima
1256 1741 1293 1800 et
1312 1728 1390 1799 Deo

328 1838 437 1913 chara
460 1864 589 1912 eorum
616 1837 895 1912 continebantur
912 1861 1078 1937 corpora,
1107 1839 1237 1936 gaudio
1264 1842 1391 1914 intesti-

330 1956 452 2029 mabili
472 1954 671 2055 psallebant
696 1968 732 2027 et
768 1952 923 2045 flebant,
954 1977 1146 2053 regemque
1179 1972 1252 2029 tam
1282 1956 1394 2029 devo·

331 2088 407 2145 tum
433 2095 544 2171 quam
566 2068 742 2142 humilem
757 2070 989 2141 accersientes
1009 2096 1019 2141 ε
1041 2101 1059 2139 α
1077 2069 1187 2165 Vade,
1207 2073 1389 2171 inquiunt,

335 2203 412 2259 «et
449 2204 488 2261 tu
531 2188 606 2286 ipse
637 2183 812 2282 ‘manibus
845 2186 914 2257 tuis
947 2183 1137 2259 dominum
1166 2202 1202 2259 et
1245 2204 1390 2288 aposto·

335 2333 352 2371 a
376 2302 454 2375 lum
479 2317 515 2374 et
536 2316 780 2401 protectorem
810 2314 974 2373 nostrum
1004 2300 1077 2375 huc
1098 2302 1225 2376 afferre
1246 2303 1389 2401 adjuva,

335 2447 351 2484 ι
376 2432 418 2489 ut
432 2416 688 2490 sacratissimos
714 2416 853 2489 cineres
877 2440 1105 2509 veneremur,
1140 2420 1390 2493 sacratissimas

334 2558 485 2606 «urnas
518 2532 789 2632 amplectamur,
830 2545 908 2604 toto
940 2546 1105 2631 tempore
1144 2534 1224 2607 vitae
1260 2552 1390 2608 nostrae

334 2682 350 2719 α
377 2675 435 2723 eas
460 2650 667 2748 suscepisse,
697 2672 755 2723 eas
790 2647 947 2721 tenuisse
970 2649 1204 2745 gratulemur.
1235 2650 1283 2721 Hi
1306 2665 1390 2722 sunt

332 2796 350 2833 ι
375 2767 474 2837 enim
495 2765 609 2837 sancti
633 2764 715 2855 viri,
740 2764 804 2862 qui
829 2787 896 2861 pro
919 2776 1134 2837 testamento
1149 2766 1214 2838 Dei
1234 2790 1389 2837 suecor-

332 2912 349 2949 «
376 2905 465 2980 pora
482 2878 719 2972 tradiderunt,
746 2880 810 2978 qui
831 2903 900 2978 pro
925 2877 1038 2951 salute
1052 2896 1187 2972 nostra,
1206 2881 1387 2954 charitatis

333 3028 349 3065 α
376 2998 458 3092 igne
467 2997 620 3089 accensi,
632 3012 762 3070 terram
774 3020 876 3069 suam
892 3011 928 3070 et
942 2996 1198 3093 cognationem
1209 2997 1386 3087 exierunt,

333 3143 350 3178 α
377 3114 440 3211 qui
449 3111 559 3185 fidem
569 3116 652 3186 lesu
659 3112 790 3185 Christi
801 3114 997 3211 apostolica
1009 3115 1223 3188 auctoritate
1238 3138 1388 3187 omnem

334 3227 528 3301 «Galliam
554 3226 789 3321 edocuerunt,
807 3251 875 3326 pro
901 3253 946 3301 eo
971 3230 1119 3302 viriliter
1144 3246 1385 3322 certaverunt,

334 3372 351 3409 e
376 3340 465 3413 nudi
481 3342 608 3438 virgas,
631 3339 727 3437 ligati
744 3339 880 3413 feroces
894 3355 931 3413 et
939 3340 1119 3417 famelicas
1134 3343 1267 3419 bestias
1279 3368 1388 3417 com-

333 3486 350 3527 o
376 3474 603 3555 pescuerunt,
627 3456 769 3555 equulei
793 3456 1051 3552 extensionem,
1078 3458 1209 3532 clibani
1237 3485 1388 3533 succen-

333 3605 350 3643 α
377 3576 516 3647 sionem
527 3574 636 3665 illaesi,
651 3573 869 3669 demumque
885 3572 1062 3648 hebetatis
1077 3576 1262 3649 securibus
1284 3575 1388 3649 deca·

334 3692 587 3789 «pitationem
616 3689 756 3763 felicem
782 3690 1039 3763 sustinuerunt·
1068 3694 1140 3786 Age
1169 3691 1293 3786 igitur,
1323 3716 1386 3765 rex

333 3838 351 3877 α
377 3806 683 3901 christianissime,
711 3806 859 3879 beatum
882 3807 1114 3903 suscipiamus
1140 3821 1386 3903 susceptorem

332 3953 350 3993 e
376 3938 541 3997 nostrum
569 3924 794 4018 Dionysium,
811 3922 1020 4020 suppliciter
1035 3921 1231 4018 flagitantes
1252 3937 1294 3994 ut
1317 3946 1387 4021 pro

336 4068 353 4107 r
378 4038 482 4112 nobis
496 4052 594 4137 petat
608 4036 654 4109 ab
671 4061 715 4109 eo
737 4038 799 4134 qui
816 4036 970 4109 fideliter
983 4038 1168 4134 promisit,
1188 4035 1333 4109 dilectio
1349 4053 1387 4111 et

333 4184 350 4223 u
375 4153 574 4249 benignitas
598 4176 707 4250 quam
726 4151 838 4225 habes
855 4176 996 4250 semper
1012 4178 1079 4251 pro
1098 4152 1386 4250 quibuscumque

333 4300 351 4337 e
376 4268 520 4368 petieris
548 4267 800 4367 impetrabit.»
824 4269 992 4355 Protinus
1020 4269 1144 4341 lacerti
1177 4283 1383 4359 moventur,

369 4522 400 4579 l.
416 4523 496 4578 osric
507 4516 657 4597 corrigunt
667 4520 777 4579 Bened.
