3742 5667
500 858 540 914 ro
587 820 596 838 ‘
719 848 885 910 murras
906 834 1119 908 contradens
1140 850 1190 907 nn
1214 848 1350 907 suasa.

501 1003 608 1060 tanco
627 982 756 1083 gaudio
777 983 931 1082 conjugii
950 982 1099 1077 longum
1121 980 1263 1079 repudii
1295 980 1463 1073 dedecus,
1493 1006 1563 1054 nec

500 1103 578 1177 sine
608 1126 741 1198 magno
783 1096 1016 1173 incommodo
1051 1122 1227 1195 equorum
1262 1113 1299 1171 et
1334 1096 1563 1197 supellectilis

500 1220 703 1312 amissione,
721 1217 943 1317 absportavit
959 1243 969 1308 ;
995 1214 1134 1313 etquid
1156 1240 1240 1287 eum
1256 1214 1420 1288 hostibus
1433 1228 1561 1288 contra

500 1335 691 1408 dominum
713 1335 804 1406 inire
823 1332 1000 1425 conferat,
1016 1332 1172 1429 turpiter
1190 1330 1373 1430 expulsu-s,
1396 1330 1559 1404 animad-

501 1452 619 1524 vertit.

550 1566 676 1634 XVIII.
704 1562 803 1635 Sicut
814 1560 908 1633 bene
922 1558 1169 1632 fructificantis
1185 1558 1324 1633 arboris
1344 1560 1563 1654 gratissimus

500 1678 657 1773 fructus,
681 1693 744 1752 aut
773 1678 900 1776 stipitis
933 1676 1251 1776 transplantatione
1277 1692 1339 1748 aut
1377 1700 1562 1749 ramorum

500 1797 695 1869 insertione
713 1794 937 1869 odoriferum
958 1817 1122 1892 saporem
1141 1807 1333 1886 restaurat;
1362 1793 1468 1865 sicet
1492 1793 1560 1865 ini-

500 1913 645 2009 quitatis
663 1927 698 1984 et
716 1911 882 2009 nequitiae
900 1908 1108 2009 extirpanda
1127 1910 1336 2009 propagatio
1358 1906 1404 1979 de
1415 1907 1563 1981 traduce

473 2076 483 2091 ·
500 2028 698 2101 multorum
707 2050 860 2125 nequam
868 2027 904 2097 in
915 2050 990 2097 uno
999 2026 1430 2124 conglutinata,tanquam
1439 2026 1564 2120 anguis

501 2145 624 2240 angui¹
652 2144 746 2216 inter
770 2141 939 2239 anguillas
961 2141 1165 2235 stimulans,
1184 2142 1305 2215 nativa
1325 2141 1565 2213 amaritudine

501 2275 674 2357 tanquam
702 2258 894 2358 absynthio
929 2272 1041 2357 potat.
1081 2258 1189 2355 Cujus
1229 2259 1340 2329 instar
1364 2262 1467 2354 Hugo
1490 2261 1563 2329 Pu·

501 2373 698 2457 teolensis¹‚
718 2373 775 2445 vir
783 2395 951 2469 nequam,
967 2384 1003 2442 et
1011 2370 1159 2470 propria
1177 2384 1213 2441 et
1227 2382 1493 2442 antecessorum
1508 2384 1563 2465 ty-

501 2487 653 2561 rannide
676 2486 751 2560 sola
769 2488 981 2586 opulentus,
1006 2512 1090 2561 cum
1117 2486 1341 2559 successisset
1361 2486 1399 2557 in
1422 2485 1563 2559 honore

503 2604 639 2677 Puteoli
650 2605 827 2677 avunculo
836 2603 995 2676 Guidoni
1005 2603 1120 2702 (pater
1133 2603 1230 2675 enim
1244 2603 1320 2700 ejus
1334 2603 1431 2673 mirae
1444 2626 1564 2701 super-

501 2718 571 2791 biae
592 2720 628 2791 in
653 2719 856 2820 primordio
882 2720 1212 2817 Hierosolymitanae
1231 2720 1296 2791 viae
1313 2742 1410 2789 anna
1430 2742 1564 2790 assum-

501 2836 650 2935 pserat),
667 2837 769 2908 omni
791 2835 925 2907 malitia
944 2834 1134 2933 patrissare
1161 2858 1280 2907 semen
1307 2858 1462 2932 nequam
1487 2860 1562 2907 non

502 2952 724 3045 desistebat;
759 2952 822 3025 sed
846 2976 938 3049 quos
966 2965 1068 3050 pater
1094 2950 1252 3047 flagellis,
1281 2966 1382 3050 patre
1410 2954 1564 3050 nequi0r

502 3068 754 3167 scorpionibus
780 3067 940 3140 caedebat
958 3070 980 3141 ⁸.
1019 3072 1264 3140 Intumescens
1295 3067 1429 3166 quippe
1460 3066 1563 3165 quod

501 3185 650 3282 impune
670 3208 845 3285 pauperes
875 3184 1052 3275 ecclesias,
1082 3185 1295 3257 monasteria
1319 3184 1565 3256 crudelissime

502 3313 739 3397 oppresserat,
755 3325 799 3372 eo
818 3325 931 3398 usque
951 3297 1082 3399 pedem
1098 3301 1227 3394 movit,
1253 3299 1349 3373 unde
1365 3300 1567 3373 ceciderunt

503 3421 567 3515 qui
582 3434 775 3514 operantur
792 3420 1043 3517 iniquitatem
1078 3418 1219 3515 expulsi
1230 3434 1326 3506 sunt,
1353 3442 1417 3488 nee
1435 3435 1565 3515 potue-

502 3535 718 3605 rents-taret
740 3536 831 3604 Cum
843 3534 953 3629 igitur
964 3557 1029 3605 nec
1042 3556 1163 3628 regem
1175 3534 1351 3625 omnium,
1364 3556 1431 3603 nec
1441 3555 1565 3628 regem

502 3653 719 3721 Francorum
728 3649 847 3745 magni
861 3650 1022 3740 duceret,
1040 3647 1297 3721 nobilissimam
1307 3652 1565 3720 Carnotensem

501 3766 733 3856 comitissam,
750 3790 834 3838 cum
851 3764 927 3837 filio
942 3764 1162 3855 Theobaldo‚
1180 3765 1425 3863 pulcherrimo
1431 3764 1564 3861 juvene
1682 3820 1690 3831 .

502 3897 540 3955 et
565 3882 674 3953 armis
706 3895 872 3974 strenuo,
904 3906 1100 3978 aggressus,
1132 3896 1265 3953 terram
1296 3904 1423 3954 eorum
1448 3903 1563 3977 usque

544 4116 572 4175 t.
594 4115 640 4173 Ita
651 4112 853 4191 corrigendum
866 4133 904 4173 ex
916 4114 984 4175 cod.
1000 4118 1059 4175 135
1073 4126 1102 4173 et
1114 4112 1301 4175 editionibus.
1321 4148 1362 4160 -
1382 4118 1471 4193 Angit
1480 4125 1562 4191 quat.

502 4204 607 4285 reliqui
617 4206 705 4265 codd.

542 4305 572 4363 2.
589 4299 683 4381 Vulgi>
693 4306 733 4360 Le
745 4305 843 4361 Putset
861 4299 1105 4382 (Eure-et-Lor'r).
1119 4334 1158 4345 -
1175 4304 1262 4379 Ilugo
1272 4298 1383 4383 junior,
1402 4300 1564 4359 vicecomes

502 4396 698 4470 Carnoteusis,
712 4394 825 4453 Puteoli
835 4395 996 4455 dominium
1006 4396 1127 4475 adeptus
1137 4416 1186 4455 an.
1200 4398 1288 4455 1108.

544 4494 574 4552 3.
595 4486 704 4548 Alludit
716 4489 852 4569 sugerius
866 4489 963 4549 verbis
974 4486 1041 4549 libri
1055 4492 1167 4568 Regum
1185 4487 1272 4566 tertii,
1285 4509 1338 4569 ru,
1354 4492 1403 4550 tt.

544 4585 573 4642 l.
588 4582 694 4642 Psalm.
710 4602 781 4652 xxv,
793 4586 843 4641 13.
