3742 5667
481 769 539 828 tta
697 770 861 829 ‹nuvnns
880 757 1095 828 concurras
1115 772 1165 827 ns
1181 771 1314 828 suoan.

479 902 613 974 ventris
640 903 831 1000 profluvio,
862 901 955 974 sicut
977 901 1169 1001 aliquando
1198 919 1443 995 consueverat,
1461 927 1538 1000 gra·

478 1020 571 1091 viter
594 1019 702 1117 coepit
725 1019 873 1091 anxiari.
888 1019 973 1110 Qui,
988 1034 1029 1091 ut
1043 1035 1119 1092 erat
1129 1021 1168 1093 in
1183 1021 1341 1093 consiliis
1349 1017 1535 1118 providus,

480 1133 548 1206 sibi
571 1136 639 1234 ipsi
665 1134 854 1208 consulens
870 1151 905 1208 et
922 1136 1109 1209 miseratus
1124 1138 1253 1210 animae
1265 1161 1348 1227 sure,
1366 1141 1445 1208 Deo
1460 1135 1536 1234 pla-

478 1275 574 1342 cens,
593 1250 1064 1348 frequentataeconlessionis
1079 1269 1115 1325 et
1129 1253 1337 1325 orationum
1348 1251 1417 1324 sibi
1426 1250 1538 1323 devo-

479 1367 576 1438 tione
588 1366 821 1466 providebat3
840 1369 911 1440 hoc
927 1393 1041 1440 unum
1064 1383 1142 1442 toto
1157 1371 1269 1441 animi
1292 1368 1424 1440 affectu
1450 1392 1538 1467 prar-

480 1497 619 1581 optans,
668 1483 765 1582 apud
800 1499 943 1557 sanctos
987 1501 1162 1582 martyres
1199 1500 1421 1583 protectores
1455 1508 1539 1556 suos

479 1598 692 1695 Dionysium
706 1600 892 1696 sociosque
899 1600 976 1698 ejus
987 1626 1024 1673 se
1034 1600 1378 1699 quomodocumque
1389 1599 1534 1688 deferri,

479 1728 516 1786 et
538 1729 622 1786 ante
646 1716 880 1788 sacratissima
905 1742 1033 1789 eorum
1053 1741 1206 1816 corpora
1223 1719 1322 1813 regni
1345 1734 1380 1790 et
1397 1739 1538 1789 coronae

479 1829 713 1928 depositione,
729 1855 901 1904 coronam
917 1857 985 1930 pro
1006 1856 1153 1925 corona,
1179 1859 1246 1932 pro
1260 1831 1437 1929 regalibus
1452 1830 1537 1902 insi-

480 1943 609 2040 gnibus
636 1961 674 2017 et
705 1945 951 2044 imperialibus
987 1947 1206 2020 ornamentis
1236 1948 1413 2020 humilem
1441 1945 1538 2019 beati

481 2058 661 2132 Benedicti
674 2059 838 2133 habitum
845 2062 1117 2150 commutando,
1127 2061 1538 2135 monasticumordinem

479 2175 653 2272 profiteri.
673 2176 826 2250 Videant
839 2178 901 2274 qui
912 2179 1117 2250 monasticae
1130 2180 1333 2277 paupertati
1348 2178 1534 2273 derogant,

481 2290 667 2388 quomodo
685 2316 759 2364 non
776 2292 894 2365 solum
908 2293 1180 2393 archiepiscopi,
1197 2294 1261 2367 sed
1288 2310 1324 2367 et
1339 2295 1408 2393 ipsi
1424 2316 1534 2390 reges,

481 2409 690 2482 transitoria
699 2409 809 2481 vitam
824 2425 995 2482 aeternam
1004 2411 1246 2508 preferentes,
1264 2411 1312 2483 ad
1325 2411 1537 2508 singularem

483 2527 672 2599 monastici
688 2526 824 2598 ordinis
840 2526 989 2598 tutelam
1003 2527 1225 2600 securissime
1240 2526 1463 2624 confugiunt.

528 2645 669 2713 XXXII.
702 2645 794 2712 Cum
816 2654 937 2712 autem
967 2641 1013 2713 de
1037 2641 1096 2713 die
1121 2644 1158 2714 in
1174 2642 1270 2715 diem
1287 2645 1384 2740 gravi
1402 2642 1538 2716 diarriae

482 2755 687 2828 turbaretur
706 2759 835 2848 moto¹,
862 2755 971 2826 tantis
989 2771 1119 2828 ettam
1134 2757 1294 2830 molestis
1314 2760 1538 2832 medicorum

479 2869 698 2969 potionibus,
726 2870 951 2944 diversorum
974 2883 1011 2944 et
1027 2872 1332 2946 amarissimorum
1348 2873 1538 2974 pulverum

481 2986 765 3085 susceptionibus
782 2987 829 3059 ad
845 2988 1131 3084 restringendum
1147 2989 1395 3083 infestabatur,
1412 3004 1455 3062 ut
1472 3014 1538 3062 nec
1605 3050 1610 3060 .

480 3102 589 3174 etiam
601 3103 668 3200 ipsi
678 3103 876 3175 incolumes
890 3118 927 3175 et
939 3104 1090 3176 virtuosi
1104 3106 1279 3178 sustinere
1290 3104 1532 3205 praevalerent.

481 3219 551 3306 Qui
576 3219 668 3289 inter
689 3219 753 3290 has
773 3234 808 3291 et
829 3220 1037 3317 hujusmodi
1062 3220 1257 3315 molestias,
1283 3224 1401 3296 innata
1417 3222 1536 3296 dulce-

481 3332 579 3423 dine,
609 3333 804 3408 benevclus
837 3335 1006 3407 omnibus
1036 3338 1086 3410 ita
1113 3337 1380 3431 blandiebatur,
1411 3363 1537 3413 omnes

479 3445 705 3541 admittebat,
735 3475 860 3522 omnes
888 3451 1126 3546 demulcebat,
1153 3478 1195 3526 ac
1217 3455 1246 3526 si
1262 3455 1352 3527 nihil
1370 3455 1538 3528 molestiae

480 3568 691 3661 pateretur¹.
718 3567 922 3664 Asperrimo
943 3568 1063 3665 itaque
1079 3569 1247 3667 profluvii
1262 3587 1364 3642 motu
1382 3587 1417 3643 et
1430 3571 1537 3666 longo

480 3681 650 3753 macerati
673 3681 834 3780 corporis
850 3681 1007 3775 defectu,
1027 3682 1237 3780 dedignatus
1253 3686 1370 3759 viliter
1384 3702 1448 3758 aut
1461 3688 1538 3758 ino-

470 3795 601 3894 pinate
628 3797 734 3888 mori,
758 3813 933 3870 convocat
954 3799 1136 3896 religiosos
1166 3803 1272 3893 viros,
1293 3803 1479 3901 episcopos
1502 3817 1538 3874 et

480 4031 720 4108 Monte-Hermu,
734 4028 777 4088 vel
789 4033 972 4103 Montereau,
986 4032 1140 4112 legendum
1155 4047 1317 4110 autumant,
1332 4035 1363 4094 in
1373 4055 1426 4095 suo
1440 4034 1538 4095 Indice

479 4121 686 4203 geographico,
696 4120 888 4184 Benedictini.

520 4218 550 4275 l.
566 4213 612 4276 sic
623 4213 710 4274 codd.
723 4233 823 4275 omnes
834 4227 863 4275 ct
873 4216 943 4277 edit.
958 4219 1104 4282 Benedict.
1120 4255 1161 4270 -·
1171 4227 1280 4282 Dan-ta
1294 4222 1465 4299 turbaretur,
1481 4245 1538 4283 mo-

481 4321 525 4366 tus
537 4313 675 4370 tantis....
690 4307 759 4367 edd.
775 4309 875 4372 Germ.
888 4323 917 4370 ct
930 4312 1037 4373 Chesn.

520 4403 550 4462 2.
567 4397 622 4459 Hic
640 4399 742 4480 incipit
758 4414 858 4462 octava
880 4403 966 4465 lectio
985 4405 1231 4470 in'anniversario
1253 4410 1329 4490 regis
1349 4409 1491 4484 dicenda,
1505 4422 1538 4470 ut

481 4503 562 4575 patet
579 4512 614 4552 ex
629 4498 695 4552 nott
708 4493 775 4558 cod.
789 4497 847 4556 5¹1³
862 4496 991 4576 margine
1005 4497 1154 4580 inscriptd.
