3742 5667
476 798 548 856 SUR
567 798 637 857 SON
657 796 975 855 actumstntttott
996 798 1213 858 ABBATIALE.
1320 804 1374 862 165

300 926 449 1002 cultam
456 930 616 1030 dirumpi
630 929 793 1005 fecimus.
809 934 898 1020 Quae
908 932 1034 1029 quanti
1049 930 1178 1004 debeat
1196 948 1371 1025 constare,

299 1043 432 1142 potius
447 1061 663 1140 cognoscent
685 1045 746 1145 qui
765 1070 844 1119 eam
865 1046 1039 1120 aediiicare
1057 1048 1275 1140 innitentur,
1290 1073 1374 1120 cum

297 1160 376 1257 jam
388 1159 531 1235 ibidem
544 1162 617 1235 sint
630 1162 705 1234 fere
713 1163 893 1258 sexaginta
908 1164 1079 1262 hospites,
1092 1177 1127 1235 et
1139 1162 1258 1237 adhuc
1269 1164 1375 1236 multi

300 1276 433 1347 venire
454 1276 596 1373 eligant,
618 1277 648 1349 si
668 1279 714 1349 sit
737 1279 800 1375 qui
819 1278 1020 1376 provideat.
1047 1282 1132 1351 Erat
1152 1279 1249 1351 enim
1273 1280 1373 1351 locus

300 1388 363 1462 ilie
385 1393 493 1489 quasi
512 1392 682 1493 spelunca
698 1392 895 1485 latronum,
913 1392 1051 1465 habens
1065 1395 1158 1466 ultra
1175 1392 1372 1467 duomilia-

300 1509 355 1579 ria
396 1507 551 1602 deserti,
596 1510 746 1582 omnino
784 1508 937 1582 ecclesiae
966 1526 1093 1581 nostrae
1114 1508 1371 1601 infructuosus,

302 1624 516 1722 raptoribus
541 1641 578 1698 et
601 1624 814 1698 satellitibus
837 1639 983 1723 propter
1004 1622 1231 1697 affinitatem
1250 1648 1373 1696 nemo·

301 1763 390 1810 mm
419 1755 536 1840 aptus.
566 1744 762 1839 Eapropter
791 1739 927 1812 ibidem
956 1739 1083 1813 fratres
1117 1754 1260 1812 nostros
1294 1743 1371 1811 Deo

304 1853 491 1928 deservire
506 1855 760 1955 disposuimus,
771 1870 812 1928 ut
827 1855 865 1927 in
878 1854 1070 1948 cubilibus,
1085 1855 1122 1927 in
1134 1855 1265 1953 quibus
1272 1855 1369 1953 prius

304 1970 487 2045 dracones
501 1971 725 2065 habitabant,
746 1971 882 2044 oriatur
897 1972 995 2046 viror
1012 1972 1137 2045 calami
1150 1986 1186 2043 et
1195 1970 1307 2068 junci.

365 2089 630 2161 possessionem
664 2086 761 2159 beati
794 2087 957 2184 Dionysii
988 2088 1026 2160 in
1059 2112 1130 2185 qua
1168 2085 1371 2160 continetur

304 2201 456 2276 besnile
479 2202 600 2275 Sancti
614 2203 790 2301 Dionysii,
809 2218 847 2275 et
868 2207 1009 2274 Dumna
1029 2206 1131 2275 Petra
1142 2204 1167 2295 ¹,
1187 2218 1224 2274 et
1238 2217 1371 2274 caetene

305 2317 400 2391 viltae
415 2319 451 2390 in
468 2319 560 2391 valle
583 2319 703 2390 castri⁸
726 2317 826 2416 quod
851 2318 984 2391 dicitur
1005 2318 1179 2410 Cabrosa,
1203 2342 1224 2388 a
1247 2316 1370 2390 multis

307 2448 406 2506 retro
421 2434 647 2533 temporibus
658 2434 774 2506 tribus
788 2433 893 2506 rattiis
902 2434 1112 2533 expositam,
1124 2433 1291 2506 videlicet
1301 2432 1368 2505 do·

307 2550 409 2622 mino
432 2550 541 2622 castri
566 2549 743 2639 Cabrosae,
770 2564 808 2621 et
831 2549 980 2622 domino
997 2549 1104 2623 castri
1128 2549 1315 2648 Nielphae‘,
1335 2563 1371 2620 et

309 2666 448 2737 Simoni
466 2665 512 2738 de
530 2664 620 2737 Villa
640 2668 725 2736 dten
733 2669 755 2756 ⁸,
774 2690 902 2737 eorum
915 2666 1108 2764 rapacitate
1131 2665 1280 2738 omnino
1297 2665 1370 2736 sere

311 2778 546 2863 destitutam,
564 2806 639 2853 non
664 2780 740 2852 sine
756 2782 894 2876 magnis
909 2782 1071 2879 expensis
1092 2780 1138 2852 ab
1162 2777 1371 2876 hujusmodi

308 2893 599 2994 oppressionibus
608 2897 930 2995 emancipavimus3
945 2920 985 2968 ea
999 2895 1085 2986 sola,
1096 2919 1175 2993 quae
1185 2894 1233 2966 ad
1241 2918 1369 2965 eorum

310 3010 583 3085 advocationem
595 3013 677 3110 jure
693 3012 888 3111 pertinent,
905 3013 1137 3085 remittentes.
1162 3014 1234 3083 Nec
1250 3010 1370 3082 minus

311 3128 416 3199 etiarn
439 3128 668 3201 venationem
693 3128 866 3217 Ivelinae⁷,
888 3126 980 3198 infra
997 3144 1111 3201 metas
1134 3142 1238 3199 terrae
1259 3150 1368 3224 qnam

310 3241 415 3315 beato
431 3244 604 3340 Dionysio
621 3243 744 3317 multis
760 3244 986 3343 temporibus
1005 3243 1248 3332 abstulerunt,
1266 3266 1368 3314 recu·
1464 3310 1467 3317 ,

310 3360 522 3457 peravimus.
545 3363 590 3431 Et
612 3382 658 3430 ne
678 3359 715 3430 in
741 3374 927 3457 posterum
952 3358 1127 3432 oblivioni
1144 3356 1367 3448 traderetur,

311 3471 392 3544 illuc
426 3486 596 3544 exeuntes
621 3496 686 3569 per
715 3473 924 3544 continuam
958 3472 1215 3571 septimanam,
1250 3470 1369 3542 ascitis

313 3586 414 3661 nobis
432 3586 643 3688 approbatis
667 3588 791 3659 amicis
817 3602 854 3661 et
872 3585 1082 3661 homiuibus
1102 3587 1246 3678 nostris,
1268 3584 1368 3659 vide·

348 3788 377 3847 i.
392 3788 575 3843 Wcinitatem
587 3784 634 3847 cd.
650 3783 757 3865 Chesn.

348 3884 377 3943 2.
398 3884 483 3940 Nunc
496 3882 865 3941 temeson-Samothra
885 3893 915 3941 et
935 3886 1121 3959 Dampr'erre,
1143 3896 1235 3959 prope
1260 3882 1370 3957 Capro-

312 3975 376 4035 siam
388 3974 578 4055 (chevreuse).

349 4073 376 4130 3.
392 4073 497 4130 Cerere
510 4073 582 4127 orttae
595 4076 683 4127 castri
696 4068 744 4129 ed.
757 4069 864 4129 Chesn.

348 4167 376 4224 t.
397 4164 748 4241 ΝέαιιρΙιΙε-Ιι-ίὴαιεαιι,
761 4164 838 4221 cirea
850 4163 950 4221 eadem
967 4162 1040 4225 ioca.

349 4261 378 4317 tt.
399 4262 520 4330 Vindia,
536 4257 567 4315 in
580 4256 752 4316 Versaiiensi
766 4254 916 4317 suburbio.

350 4353 377 4409 6.
394 4354 570 4408 Destntctam
584 4350 631 4409 ed.
648 4350 754 4412 Chesn.

349 4448 378 4505 t.
396 4442 506 4503 lveiina
524 4443 595 4502 silva
606 4492 615 4525 ,
628 4442 695 4502 olim
711 4442 875 4523 spatiosior,
890 4442 921 4503 in
935 4443 1017 4503 Belsd
1029 4443 1082 4503 sita
1097 4441 1300 4503 Rambciitana
1313 4463 1372 4502 vn-

314 4550 390 4597 tatnr
411 4540 599 4602 amodemrs.
