3742 5667
498 794 555 852 na
715 786 882 851 mutum
902 776 1117 850 commiss
1137 790 1188 847 na
1208 789 1344 849 suom.

496 927 656 1025 pontifex
674 925 977 1000 Claromontensis
986 930 1009 1021 ¹,
1027 928 1082 1000 vir
1097 927 1254 1001 honestae
1267 927 1348 999 vitm
1368 939 1406 999 et
1429 923 1560 997 delen-

386 1056 394 1062 '
496 1068 559 1117 sor
578 1045 733 1117 ecclesiae
754 1044 916 1136 illustris,
943 1060 979 1117 et
1003 1044 1164 1145 pulsatus
1183 1058 1218 1117 et
1242 1044 1367 1143 pulsus
1386 1040 1563 1116 Alverno-

497 1184 581 1237 rum
597 1161 763 1262 superbia
779 1186 873 1234 nova
886 1161 1095 1259 etantiqua,
1112 1184 1193 1260 quae
1206 1162 1256 1233 eis
1275 1160 1438 1234 titulatur
1458 1188 1467 1231 :

655 1366 830 1449 alvernique
846 1367 908 1428 ausi
921 1368 1019 1429 Latios
1030 1388 1061 1431 se
1073 1370 1183 1448 lingere
1197 1368 1299 1429 iratres
1312 1368 1323 1403 ¹
1327 1391 1338 1445 5

496 1554 543 1627 ad
560 1554 750 1629 dominum
762 1581 883 1655 regem
897 1556 1119 1654 confugiens,
1136 1554 1321 1655 querelam
1341 1554 1494 1627 ecclesiae
1511 1550 1564 1625 la-

496 1672 756 1771 chrymabilem
781 1671 944 1773 deponit,
961 1674 1132 1746 comitem
1149 1672 1424 1745 Alvernensem⁸
1439 1670 1564 1744 civita·

498 1805 571 1863 tem
582 1813 788 1889 occupasse,
800 1788 1106 1863 ecclesiambeatae
1114 1787 1564 1889 Mariaeepiscopalem,de·

496 1906 577 1977 cani
589 1905 644 1978 sui
658 1905 798 1999 fraude,
814 1906 930 1980 multa
942 1906 1132 2006 tyrannide
1142 1906 1349 1980 munivisse.
1366 1904 1564 1978 uenitentis
1693 1957 1694 1987 ,

497 2023 604 2095 etiam
621 2022 774 2122 pedibus
790 2023 1015 2123 provolutus,
1035 2023 1239 2096 ancillatam
1253 2022 1439 2096 ecclesiam
1454 2046 1565 2096 exan-
1694 2035 1695 2056 ¹

495 2137 622 2230 cillari,
638 2154 831 2238 tyrannum
847 2140 1059 2213 effrenatum
1073 2163 1301 2240 compescere
1315 2139 1417 2235 regiae
1430 2141 1562 2238 majes-

495 2257 577 2327 tatis
594 2254 726 2351 gladio,
749 2256 958 2356 suppliciter
974 2256 1155 2353 efflagitat.
1177 2258 1249 2327 Rex
1267 2270 1400 2347 autem,
1423 2270 1463 2327 ut
1476 2279 1565 2327 con-

494 2386 659 2444 sueverat
674 2372 831 2444 ecclesiis
846 2374 1114 2473 promptissime
1131 2372 1314 2473 opitulari,
1331 2396 1474 2444 causam
1490 2372 1560 2443 Dei

494 2503 688 2585 gratanter,
704 2485 766 2560 sed
779 2505 986 2589 sumptuose
1000 2513 1197 2583 assumens,
1208 2488 1294 2587 quia
1303 2487 1424 2561 verbis
1437 2503 1472 2562 et
1487 2512 1564 2561 ma-

490 2606 629 2704 jestatis
661 2629 733 2678 suae
761 2605 875 2703 sigillo
906 2620 1100 2703 tyrannum
1134 2606 1311 2702 corrigere
1336 2630 1410 2679 non
1437 2604 1560 2697 valet,

494 2721 590 2796 facto
607 2738 804 2813 maturans,
822 2723 995 2796 militares
1011 2723 1145 2821 colligit
1165 2726 1271 2815 vires,
1289 2738 1414 2796 movet
1439 2724 1476 2795 in
1502 2721 1564 2794 Al-

494 2838 656 2912 verniam
671 2839 957 2912 recalcitrantem
974 2842 1161 2939 copiosum
1177 2844 1400 2913 Francorum
1427 2839 1561 2911 exerci-

496 2970 595 3028 tum.
631 2955 697 3028 Cui
737 2955 936 3029 Bituricus·
976 2956 1183 3030 adventanti
1222 2958 1321 3055 regni
1352 2956 1559 3057 optimam,

495 3096 617 3146 comes
634 3070 827 3146 bellicosus
850 3071 1110 3170 andegavensis
1138 3072 1259 3165 Fulco,
1283 3098 1407 3146 comes
1426 3088 1556 3174 poten-

495 3189 651 3263 tissimus
682 3189 870 3262 Britanniae
892 3192 1073 3283 Conanus,
1101 3214 1223 3262 comes
1245 3190 1406 3287 egregius
1432 3190 1559 3263 Niver·

495 3307 628 3397 nensis,
661 3305 837 3405 multique
857 3306 919 3379 alii
948 3308 1047 3403 regni
1073 3331 1251 3405 proceres,
1281 3331 1393 3379 manu
1423 3330 1556 3403 magna

495 3422 656 3509 militari,
681 3424 780 3520 regni
798 3422 979 3497 debitores
995 3438 1203 3514 occurrunt,
1229 3424 1265 3494 in
1282 3423 1452 3496 Alvernos
1470 3423 1563 3521 inju-

496 3538 588 3611 riam
609 3538 774 3610 Ecclesiae
802 3554 838 3612 et
866 3540 967 3635 regni
1003 3538 1124 3612 ulcisci
1162 3538 1378 3612 festinantes.
1412 3544 1558 3613 Terram

497 3654 617 3751 itaque
631 3653 793 3728 hostium
812 3652 1083 3755 depopulantes,
1102 3680 1186 3727 cum
1203 3656 1336 3729 civitati
1352 3655 1561 3728 Claromon-

497 3770 589 3841 tensi
613 3772 912 3871 propinquarent,
932 3770 1077 3845 Alverni
1092 3772 1258 3871 praesidio
1284 3772 1449 3861 civitatis,
1474 3772 1560 3870 quia

498 3887 697 3987 peroptime
715 3902 791 3960 erat
811 3888 968 3981 munita,
995 3886 1127 3961 relictis
1142 3891 1324 3961 montanis
1346 3888 1560 3963 acutissimis

537 4180 570 4236 1.
583 4173 756 4250 aimericus,
769 4180 854 4238 autel
867 4176 1036 4237 monasterii
1052 4178 1130 4239 case
1141 4176 1197 4237 Dei
1207 4174 1297 4237 abbas

538 4273 568 4329 Ξ.
585 4270 822 4346 Ptars.‚1,tt⁷.
836 4277 920 4332 Latio
928 4274 960 4331 in
970 4272 1080 4332 Lucani
1087 4284 1179 4333 textu.

538 4364 569 4423 3.
585 4362 830 4439 GuillelmumVI,
842 4365 976 4426 comitem
985 4364 1322 4427 Alverniaeaban.1096
1335 4362 1372 4424 ad
1384 4382 1434 4427 an.
1447 4364 1538 4426 tiso.

538 4460 569 4518 4,
591 4461 737 4519 Bituricus
761 4460 847 4522 codd.
873 4480 974 4523 omnes
1004 4474 1033 4521 et
1063 4459 1135 4522 edit.
1165 4458 1316 4525 Benedict.
1346 4492 1388 4507 -
1421 4462 1562 4519 Bitrur'cr's

498 4550 616 4632 reliquae
627 4552 696 4618 edd.
