3742 5667
729 829 791 886 VIR
811 829 862 886 DE
881 829 1017 888 sustu.
1340 831 1395 888 ³91

391 960 484 1052 Erga
514 957 642 1030 fratres
671 959 892 1033 infirmantes
921 987 997 1034 non
1025 960 1128 1034 aliter
1159 961 1397 1054 afficiebatur,

343 1094 454 1168 quam
467 1073 496 1144 si
511 1074 699 1146 carnaliter
711 1091 908 1171 generasset
918 1077 1191 1174 singulos,quos
1206 1075 1244 1146 in
1257 1075 1399 1148 Christo

344 1191 425 1258 lesu
443 1187 661 1286 spiritaliter¹
679 1190 755 1288 ipse
780 1207 962 1286 genuerat.
980 1195 1145 1280 Quorum
1169 1191 1346 1263 curationi
1366 1206 1401 1264 et

343 1301 502 1374 medicos
517 1326 591 1374 non
607 1304 759 1377 modicis
771 1303 1258 1406 sumptibusipsepraevidit',
1276 1320 1311 1377 et
1321 1305 1402 1378 red·

342 1417 439 1492 ditus
450 1445 601 1512 annuos,
618 1435 659 1493 ut
674 1423 851 1496 succincte
867 1422 1010 1519 loquar,
1023 1422 1224 1523 duplicatos
1236 1421 1401 1528 suareli·

342 1535 420 1632 quit
445 1535 630 1608 industria.
651 1537 761 1633 Cujus
777 1539 827 1609 rei
845 1561 929 1609 cum
950 1551 1056 1610 testes
1078 1550 1199 1609 extent
1222 1535 1400 1634 plurimi⁸,

342 1665 420 1723 tum
447 1675 514 1747 ego
533 1651 686 1724 fratrum
707 1652 891 1742 minimus,
914 1659 992 1750 ejus
1017 1653 1140 1752 pietati
1167 1675 1242 1750 prae
1265 1653 1402 1726 caeteris

342 1765 531 1840 obnoxius.
562 1772 676 1840 Nemo
699 1769 795 1840 enirn
827 1769 903 1865 ejus
932 1769 1217 1867 compassionem
1240 1766 1399 1859 uberius,

342 1905 450 1953 nemo
466 1882 729 1956 liberalitatem*
741 1882 919 1982 profusius
929 1883 1049 1954 sensit.
1059 1885 1147 1969 Quae
1162 1879 1256 1953 obid
1271 1897 1401 1955 cuncta

342 1997 497 2070 seriatim
510 2022 585 2071 non
600 1999 731 2087 resero,
746 2023 793 2069 ne
807 1997 865 2069 vel
878 1998 1030 2070 inaniter
1039 1997 1084 2070 de
1099 1996 1189 2069 tanti
1202 1996 1271 2068 riri
1290 1997 1402 2092 gratia

342 2113 465 2184 videar
480 2112 636 2207 gloriari,
646 2113 702 2186 vel
711 2113 893 2186 fastidium
906 2111 1136 2186 audientibus
1145 2129 1263 2184 sermo
1277 2111 1403 2184 alferat
1509 2180 1511 2183 .

342 2226 511 2300 incultior
531 2242 568 2300 et
584 2228 756 2328 prolixus.
785 2230 963 2301 Dominus
977 2228 1029 2301 illi
1042 2227 1218 2301 retribuat
1232 2249 1301 2326 pro
1325 2250 1398 2314 me,

343 2357 379 2416 et
394 2367 503 2442 opera
516 2344 771 2417 misericordiae
788 2343 883 2417 illius
897 2345 955 2445 pie
975 2343 1152 2443 respiciat.
1174 2340 1244 2413 Sed
1261 2343 1338 2439 jam
1355 2340 1403 2412 la·

341 2458 483 2530 mulum
496 2483 600 2532 suum
617 2483 861 2532 remunerasse
884 2462 1061 2533 Dominus
1081 2473 1118 2531 et
1135 2473 1280 2557 peccata
1307 2457 1402 2530 illius

341 2599 507 2673 purgasse
535 2575 737 2648 credendus
757 2591 822 2667 est,
848 2576 951 2673 cujus
975 2577 1011 2648 in
1039 2590 1213 2647 aeternum
1236 2571 1402 2644 exaltavit

342 2713 453 2762 cornu
468 2705 504 2762 et
517 2691 666 2786 gloriam
684 2691 857 2764 dilatavit.

391 2805 462 2894 Qui
475 2806 570 2877 inter
581 2806 651 2878 alia
667 2831 745 2903 quae
758 2806 926 2880 nobiliter
940 2807 1046 2904 gessit
1059 2821 1095 2878 et
1107 2819 1267 2892 strenue,
1286 2803 1403 2879 varios

343 2922 389 2994 de
402 2921 538 2993 cunctis
553 2923 654 3017 regni
667 2922 830 3021 partibus
843 2923 1014 2995 asciverat
1024 2920 1189 3008 artifices,
1203 2917 1400 3011 lathomos,

341 3035 520 3131 lignarios,
539 3037 709 3135 pictores,
728 3036 847 3110 fabros
868 3038 1035 3110 ferrarios
1055 3034 1112 3108 vel
1137 3034 1289 3125 lusores,
1309 3034 1404 3107 auri-

343 3149 426 3223 fices
442 3177 587 3250 quoque
601 3178 643 3225 ac
660 3156 885 3249 gemmarios,
908 3153 1064 3249 singulos
1081 3153 1118 3223 in
1141 3167 1216 3224 arte
1231 3175 1295 3223 sua
1309 3151 1403 3248 peri-

343 3265 518 3358 tissimos}
552 3282 592 3339 ut
620 3266 731 3364 ligno,
759 3269 892 3370 lapide,
925 3293 1030 3361 auro,
1055 3267 1205 3364 gemmis
1234 3282 1271 3339 et
1301 3267 1403 3338 omni

341 3381 493 3480 pretiosa
507 3384 655 3454 materie
677 3387 872 3482 Martyrum
889 3384 1103 3456 memoriam
1120 3396 1348 3473 exornarent,
1365 3395 1403 3454 et

342 3520 385 3569 ex
401 3499 510 3570 veteri
527 3521 673 3592 novam,
698 3498 741 3571 ex
764 3514 912 3596 angusta
938 3499 1158 3588 latissimam,
1175 3523 1217 3569 ex
1234 3497 1402 3568 tenebro-
1506 3491 1511 3502 ’

342 3613 435 3685 siore
452 3613 679 3712 splendidam
701 3616 896 3688 redderent
911 3613 1109 3687 ecclesiam.
1128 3616 1169 3684 In
1186 3611 1318 3710 quibus
1333 3635 1401 3684 nec

343 3753 423 3826 spes
439 3753 523 3801 eum
550 3729 688 3818 felellit,
703 3756 771 3804 nec
788 3731 932 3804 fortuna
953 3730 1125 3803 destituit.
1145 3733 1233 3800 Nam
1250 3726 1403 3827 qualiter

343 3845 551 3940 ejusvotum
560 3845 709 3940 facultas
718 3845 863 3944 juverit,
873 3859 1062 3946 prosecuta
1074 3844 1120 3916 sit
1129 3842 1287 3934 felicitas,
1297 3867 1402 3915 nosse

342 3959 570 4057 cupientibus
581 3959 748 4059 preclara
762 3960 917 4032 clamant
932 3983 1053 4058 opera.
1081 3958 1232 4030 Ornavit
1256 3981 1403 4055 quoque

343 4075 531 4148 ecclesiam
551 4077 653 4148 omni
668 4077 771 4176 copia
785 4079 949 4175 pretiosae
974 4071 1215 4173 supellectilis,
1229 4073 1321 4145 vasis
1336 4072 1402 4144 sci-

342 4199 425 4272 licet
440 4199 557 4272 aureis
573 4213 611 4272 et
622 4201 808 4296 argenteis,
827 4199 929 4290 stalis,
949 4197 1125 4271 oniclrinis
1141 4211 1177 4270 et
1190 4196 1398 4288 sardonicis,

347 4553 354 4570 ς
382 4475 624 4561 1.βμίνίιααὶἰιεν
636 4475 704 4535 edd.
724 4507 765 4519 -
784 4479 814 4535 2.
830 4475 957 4534 Providit
967 4472 1036 4531 sane
1046 4471 1212 4551 legendum.

265 4623 270 4632 .
383 4571 413 4629 3.
428 4571 552 4628 Plurimi
565 4569 644 4630 deest
657 4569 686 4628 in
700 4567 768 4632 edd.
793 4601 830 4616 ·-
862 4571 892 4630 l.
909 4567 1123 4627 Liberalitatem
1137 4565 1340 4629 deestinedd.
