3742 5667
517 760 575 817 rso
734 762 897 821 mornas
916 746 1128 824 commus
1147 766 1198 823 or
1217 764 1352 825 soora.

518 889 555 961 in
573 888 702 987 quibus
715 918 806 992 opus
824 894 928 968 suerit
943 898 975 968 ei
989 896 1110 970 auxilii
1123 914 1160 971 et
1172 897 1310 971 consilii
1326 922 1476 970 manum
1494 923 1579 996 por·

518 1006 647 1101 rigatis.
674 1012 756 1081 Haec
777 1026 813 1083 et
837 1011 892 1084 his
915 1012 1041 1085 similia
1067 1014 1217 1087 domino
1239 1014 1313 1111 regi
1337 1038 1573 1103 reservamus,

521 1148 598 1220 quae
626 1124 672 1196 ad
700 1124 878 1200 honorem
908 1154 1012 1201 suum
1049 1146 1084 1202 et
1117 1130 1352 1203 commodum
1389 1130 1576 1205 decentius

517 1238 729 1338 adaptabit¹.

753 1634 797 1683 tx.
826 1636 874 1683 AD
890 1634 1091 1685 curruum!
1107 1636 1340 1685 caunorsttst.

522 1900 610 1976 sager
629 1903 723 1955 envoie
743 1918 782 1955 au
803 1898 931 1974 chapter-e
951 1899 987 1954 de
1010 1896 1120 1975 l'dglise
1140 1899 1177 1954 de
1197 1896 1330 1955 Oiartres
1349 1899 1400 1955 des
1419 1915 1580 1973 messagers

701 1990 819 2067 charges
838 1993 875 2047 de
889 1995 1010 2048 recevoir
1025 2004 1054 2047 et
1072 1993 1109 2047 de
1120 1992 1227 2069 garder
1238 1994 1270 2047 la
1285 1994 1393 2069 regale.

995 2149 1100 2230 (rino)

567 2362 732 2459 Sugarius
749 2360 846 2433 Beati
864 2360 1036 2459 Dionysii,
1059 2361 1170 2458 gratia
1191 2361 1270 2453 Dei,
1286 2360 1412 2453 abbas,
1432 2386 1577 2434 venera·

519 2478 580 2550 bili
608 2477 764 2577 capitulo
786 2478 1012 2550 Carnotensis
1037 2476 1204 2569 ecclesiae,
1225 2476 1375 2549 salutem
1407 2492 1444 2549 et
1471 2476 1576 2550 dilec-

519 2595 668 2667 tionem.

568 2709 673 2780 Novit
684 2707 850 2781 discretio
861 2722 974 2781 vestra
990 2706 1088 2804 quod
1099 2707 1272 2804 gloriosus
1280 2733 1343 2779 rex
1356 2712 1574 2781 Francorum

521 2822 735 2911 Ludovicus‚
751 2824 951 2894 carissimus
963 2824 1132 2895 dominus
1143 2838 1276 2909 noster,
1293 2824 1467 2896 famosam
1476 2852 1576 2924 pere·

517 2938 751 3034 grinationem
766 2962 889 3009 amore
905 2939 970 3009 Dei
992 2938 1204 3037 suscipiens,
1225 2939 1573 3038 archiepiscoporum

517 3069 553 3125 et
575 3054 825 3151 episcoporum
839 3078 880 3125 ac
899 3054 1000 3149 regni
1013 3054 1227 3151 optimatum
1238 3054 1402 3141 consilio,
1418 3080 1485 3128 nec
1501 3056 1576 3128 sine

519 3168 656 3240 domini
678 3192 779 3267 papae
801 3193 958 3256 assensu,
978 3193 1103 3241 curam
1125 3170 1455 3242 amministrationis
1476 3171 1577 3267 regni

518 3285 573 3357 sui
590 3282 695 3356 nobis
711 3285 945 3358 commiserit.
962 3288 1007 3356 Et
1024 3286 1209 3383 quoniam,
1237 3311 1280 3359 ex
1303 3284 1426 3359 debito
1449 3287 1573 3375 officii,

518 3425 560 3472 ea
578 3425 656 3498 quae
682 3399 728 3472 ad
749 3425 899 3496 regnum
920 3416 1082 3499 spectant
1106 3402 1295 3498 diligenter
1314 3404 1523 3501 perquirere
1541 3418 1578 3476 et

517 3514 669 3588 fideliter
691 3541 756 3588 nos
778 3530 921 3616 oportet
940 3540 1162 3611 conservare,
1188 3518 1416 3616 praesentium
1441 3518 1575 3590 latores

516 3632 666 3703 nuncios
679 3646 833 3724 nostros,
854 3658 893 3704 ex
913 3647 1015 3730 parte
1027 3631 1165 3703 domini
1181 3635 1284 3728 regis,
1304 3632 1350 3705 ad
1370 3632 1576 3730 recipienda

517 3758 551 3813 et
567 3741 810 3814 conservanda
827 3742 956 3837 regalia
977 3741 1161 3814 dilectioni
1186 3758 1309 3815 vestre
1329 3742 1535 3839 delegamus
1562 3769 1570 3813 :

516 3872 679 3953 rogantes
689 3872 728 3928 ut
737 3859 774 3927 in
786 3855 918 3953 quibus
926 3858 1126 3957 oportuerit
1136 3873 1309 3955 tanquam
1321 3860 1420 3954 regni
1432 3858 1574 3951 fideles,

516 3971 631 4044 donec
644 3970 827 4043 ecclesiam
838 3986 1003 4061 vestram,
1019 3987 1119 4044 tanto
1128 3988 1166 4045 et
1176 3988 1250 4045 tam
1266 3972 1421 4071 glorioso
1432 3988 1576 4074 pastore

518 4086 725 4178 viduatam¹,
738 4084 859 4157 divina
875 4087 1116 4161 misericordia
1131 4087 1263 4161 idoneo
1272 4114 1477 4164 successore
1486 4114 1573 4162 con-

557 4317 587 4373 l.
601 4312 643 4370 Ex
658 4309 777 4383 chesn,
792 4314 842 4383 lv,
859 4314 927 4370 520.
941 4344 979 4355 -
995 4315 1061 4372 ller.
1072 4314 1171 4389 gallic.
1183 4314 1401 4390 scriptor.,XV‚
1415 4316 1486 4375 506.

556 4408 585 4464 2.
602 4403 785 4477 Godelridus‚
805 4402 988 4463 carnotensis
1008 4402 1172 4484 episcopus,
1190 4424 1222 4465 ιι
1239 4404 1356 4466 kalend.
1373 4404 1512 4467 februarii
1523 4425 1571 4468 au.

453 4510 457 4521 ’
517 4500 593 4560 llll)
609 4510 739 4557 mortuus
750 4508 805 4570 est,
819 4509 852 4557 ut
865 4508 966 4557 notant
977 4498 1085 4558 Beued.
