3742 5667
586 815 648 871 vm
668 814 719 870 Du
738 812 849 871 inS
869 814 916 870 LE
935 812 1046 873 altos.
1282 818 1338 878 tat

283 970 370 1017 eum
382 948 505 1039 irruit,
525 945 632 1020 altera
654 972 694 1018 ex
711 945 861 1045 obliquo
874 947 943 1021 alia
957 962 1062 1046 porta
1078 945 1261 1020 castellum
1277 970 1342 1022 au·

282 1059 409 1135 dacter
435 1079 602 1163 occupat,
624 1087 740 1160 eoque
768 1077 920 1151 retento,
953 1062 1185 1136 Guilleimum
1214 1089 1235 1136 a
1268 1079 1345 1139 tota

283 1175 451 1251 mandria
466 1177 732 1251 exheredatum
748 1178 961 1251 exterminat
977 1203 986 1247 τ
1001 1194 1038 1251 et
1046 1180 1130 1277 quia
1140 1178 1345 1279 proditione

283 1290 329 1365 ad
343 1293 603 1391 possidendam
618 1293 824 1366 Flandriam
836 1294 1067 1392 aspiraverat,
1082 1296 1209 1367 merito
1221 1296 1258 1367 in
1273 1310 1347 1368 tota

285 1407 453 1481 Fiandria
468 1408 559 1480 nihil
576 1408 746 1482 obtinuit.
768 1410 832 1481 His
850 1434 936 1505 ergo
953 1422 988 1482 et
1003 1408 1153 1483 diversis
1170 1410 1348 1484 ultionum

284 1523 419 1613 modis,
439 1540 476 1597 et
490 1526 670 1621 sanguinis
685 1526 793 1598 multi
810 1525 987 1599 effusione
1004 1526 1076 1599 lota
1087 1542 1123 1599 et
1136 1528 1237 1624 quasi
1245 1526 1349 1600 reba-

285 1640 418 1740 ptirata
431 1639 609 1734 Flandria,
628 1641 822 1715 Guillelmo
838 1644 1052 1715 Normanno
1068 1643 1200 1717 comite
1216 1644 1349 1716 consti·

287 1770 381 1847 mto,
406 1780 469 1829 rex
484 1756 523 1827 in
539 1756 742 1848 Franciam,
765 1760 844 1830 Deo
864 1756 1070 1851 amiliante,
1091 1760 1205 1833 victor
1215 1784 1351 1833 remea·

287 1872 368 1945 viu.

335 1991 445 2059 XXX.
476 1984 549 2059 Sed
575 2002 612 2060 et
635 1987 743 2060 aliam
771 1988 996 2061 consimilem
1017 2003 1053 2061 et
1068 1992 1146 2062 Deo
1163 2006 1299 2087 gratam
1315 2009 1352 2067 et

290 2104 355 2175 alia
369 2104 449 2176 vice
463 2101 642 2175 famosam
658 2102 743 2176 fecit
762 2103 951 2194 ultionem,
970 2129 1055 2177 cum
1068 2104 1255 2181 hominem
1268 2134 1350 2208 per-

292 2220 508 2293 ditissimum
528 2220 706 2293 Thomam
735 2219 780 2292 de
804 2223 939 2312 Marna,
968 2220 1155 2293 ecclesiam
1181 2225 1245 2297 Dei
1261 2240 1352 2300 tere-

292 2336 471 2427 brantem,
503 2360 571 2408 nec
598 2338 716 2407 Deum
742 2337 809 2407 ricc
837 2334 1025 2408 hominem
1051 2356 1289 2432 reverentem,
1311 2342 1349 2413 in

291 2477 400 2525 manu
419 2451 509 2525 forti
528 2448 690 2523 celeriter
719 2464 891 2547 tanquam
921 2450 1085 2524 titionem
1118 2452 1353 2552 fumigantem

293 2568 464 2641 extinxit'.
483 2565 647 2655 Querulo
663 2564 1076 2664 siquidemecclesiarum
1092 2568 1238 2667 planctu
1249 2595 1352 2644 com·

293 2684 433 2784 pulsus,
446 2708 533 2756 cum
544 2680 761 2753 laudunum
776 2681 824 2755 ad
846 2679 1095 2755 ulciscendum
1106 2684 1347 2778 adventasset,

296 2801 545 2899 episcoporum
562 2813 600 2871 et
616 2798 716 2893 regni
730 2797 947 2896 optimatum
968 2800 1212 2897 persuasione,
1234 2819 1353 2875 etma·
1408 2852 1412 2865 -

297 2916 386 2987 xime
404 2916 535 3011 egregii
553 2914 696 2987 comitis
717 2912 1009 2987 viromandensis
1028 2914 1181 3009 Radulfr,
1201 2918 1264 3015 qui
1285 2946 1353 3019 po-

297 3031 425 3103 tentior
438 3030 516 3102 aliis
531 3044 612 3129 post
632 3052 751 3125 regem
767 3029 805 3099 in
818 3028 983 3127 partibus
996 3029 1064 3101 illis
1077 3046 1166 3125 erat,
1186 3036 1350 3128 consilio,

297 3147 331 3218 in
347 3170 430 3218 eum
445 3145 578 3218 ducere
593 3144 790 3217 exercitum
810 3144 1016 3217 Cociacum’
1029 3145 1269 3221 deliberatum
1285 3164 1349 3221 est.

299 3262 494 3333 Festinante
519 3274 639 3331 autem
660 3283 742 3355 rege
767 3256 813 3330 ad
840 3273 1011 3350 castrum,
1042 3284 1126 3333 cum
1160 3264 1223 3358 qui
1253 3262 1351 3335 missi

301 3378 435 3449 fuerant
464 3388 713 3475 opporttmum
745 3372 930 3472 explorare
962 3398 1143 3447 accessum
1174 3378 1352 3476 importu-

301 3518 383 3565 num
395 3493 549 3567 omnino
566 3506 603 3564 et
619 3490 861 3564 inaccessibile
872 3490 1155 3582 renunciassent,
1171 3508 1208 3563 et
1222 3516 1243 3563 a
1256 3491 1351 3565 mul-

301 3592 839 3711 tisangariaretur,juxtaaudita
849 3604 1038 3677 consilium
1047 3621 1187 3681 mutare
1204 3608 1349 3703 debere,

301 3759 358 3808 rex
375 3736 451 3835 ipsa
470 3732 676 3831 indignatus
700 3730 948 3803 animositate:
972 3758 990 3797 a
1003 3730 1179 3823 lauduni,
1213 3732 1347 3831 inquit,

305 3882 320 3917 a
336 3852 404 3925 hoc
415 3850 588 3923 remansit
599 3847 801 3920 consilium.
813 3843 1028 3935 Quodenim
1040 3846 1348 3924 ibi‘deliberatum

308 3997 324 4034 ι
340 3981 481 4059 est,nec
497 3990 566 4065 pro
580 3978 696 4037 morte
705 3988 771 4035 nec
786 3987 854 4061 pro
861 3961 935 4035 vita
947 3962 1178 4038 mutabimus.
1201 3966 1353 4041 Vilesce·

309 4114 326 4151 ι
338 4099 388 4156 ret
396 4084 527 4157 merito
540 4083 644 4180 regiae
656 4080 849 4181 majestatis
857 4076 1137 4177 magnificentia,
1147 4082 1176 4154 si
1190 4085 1342 4157 scelerat

344 4357 623 4416 i.Annoi128.-
641 4356 673 4413 2.
689 4353 875 4413 Annoii30.

344 4455 371 4510 3,
384 4452 525 4509 attacum
542 4449 612 4507 tta.
625 4448 708 4507 Nunc
721 4446 1001 4520 &acy-tectam
1012 4444 1135 4527 (Aleae).

345 4548 373 4606 i.
385 4543 431 4604 tta
447 4538 591 4602 omittitur
605 4540 635 4601 in
646 4539 713 4599 cod.
728 4542 837 4599 tatto.
