3742 5667
620 797 683 855 VlG
704 798 753 853 ott
773 796 885 856 touls
905 800 953 857 LE
972 800 1082 859 GllOS.
1344 807 1381 864 89

317 926 618 1026 quilaesiluerant
630 928 717 1024 regii
729 927 1223 1026 quirites,acerrimelaedere,
1236 935 1383 1032 injuria·

318 1068 404 1117 mm
415 1043 854 1135 memores,contendunt,
871 1070 938 1119 nec
954 1046 1000 1119 ab
1016 1046 1173 1145 incoepto
1190 1048 1379 1145 desistunt,

317 1158 437 1233 donec
472 1159 630 1233 subitam
656 1185 698 1232 ac
729 1161 760 1233 si
784 1161 952 1233 fatatam¹
977 1163 1240 1255 munitionem,
1263 1166 1381 1240 multo

318 1274 450 1367 milite,
476 1275 591 1349 multa
616 1292 797 1349 armatura
825 1277 1034 1349 munierunt
1060 1305 1068 1347 ι
1095 1279 1203 1372 certi,
1226 1303 1312 1352 mox
1341 1297 1382 1354 ut

316 1392 506 1465 recesserit
535 1416 616 1485 rex,
653 1407 716 1464 aut
750 1391 821 1464 loci
854 1392 1009 1491 proximi
1046 1393 1316 1492 importunitate
1344 1423 1382 1471 se

318 1506 555 1581 audacissime
571 1506 776 1600 defendere,
797 1523 859 1581 aut
871 1508 1030 1581 hostium
1051 1510 1241 1584 saevissimo
1261 1511 1380 1609 gladio

317 1624 521 1698 miserrime
548 1624 707 1697 interire.

366 1740 522 1815 Rediens
544 1742 664 1840 itaque
698 1741 931 1830 Taurianum,
959 1741 1123 1839 viresque
1150 1742 1379 1840 recolligens,

318 1856 450 1930 alendo
480 1858 651 1931 exercitui
679 1858 716 1930 in
740 1857 883 1958 prefata
905 1873 1025 1948 mota,
1047 1857 1160 1931 modo
1182 1858 1274 1932 clam
1298 1886 1382 1935 cum

320 1974 459 2071 paucis,
477 1972 591 2047 modo
620 1973 739 2072 palam
769 1998 853 2046 cum
882 1972 1025 2064 multis,
1057 1997 1121 2071 per
1144 1972 1281 2047 medias
1305 1975 1385 2049 hos-

320 2090 411 2162 tium
441 2091 536 2163 acies
562 2090 728 2163 victualia
750 2103 825 2163 tam
848 2089 1047 2189 periculose
1072 2114 1182 2187 quam
1214 2090 1384 2166 audacter

321 2204 542 2278 deferebat:
575 2205 708 2298 donec,
739 2206 823 2304 quia
854 2205 1082 2278 Puteolenses
1107 2206 1383 2307 propinquitatis

320 2321 594 2418 importunitate
630 2346 692 2393 eos
726 2319 1004 2394 intolerabiliter
1032 2336 1198 2417 urgentes
1226 2322 1384 2397 obsidio-

321 2439 424 2509 nem¹
440 2436 684 2527 minabantur,
701 2462 763 2509 rex
791 2437 956 2509 cominus
979 2451 1091 2511 castra
1114 2439 1250 2533 movit,
1267 2443 1385 2522 ,Yonis

322 2553 470 2625 vtttam·
488 2552 562 2625 lere
577 2577 652 2625 uno
670 2551 836 2625 milliario
850 2552 998 2625 Puteolo
1019 2553 1258 2653 propinquam
1275 2581 1383 2629 occu·

322 2684 402 2767 pat,
438 2670 622 2767 inopinate
655 2668 738 2767 palo
770 2683 806 2740 et
843 2668 976 2741 vimine
1003 2669 1142 2742 curiam
1174 2670 1382 2745 interiorem

320 2786 441 2881 cingit.
460 2788 629 2882 Dumque
638 2784 810 2857 exercitus
824 2798 921 2858 extra
934 2786 1088 2858 tentoria
1101 2784 1190 2882 figit,
1208 2787 1383 2886 palatinus

320 2925 444 2973 comes
457 2898 702 2987 Theobaldus,
723 2899 876 2972 collecto
894 2914 1187 2998 quantocumque
1208 2903 1326 3000 potuit
1347 2916 1383 2975 et

320 3040 472 3088 suorum
492 3030 529 3088 et
551 3020 845 3088 Normaunorum
869 3016 1045 3088 exercitus
1063 3016 1214 3109 robore,
1244 3018 1383 3115 impetu

320 3131 538 3205 validissimo
553 3132 591 3204 in
613 3155 675 3204 eos
694 3131 798 3203 irruit
824 3132 1029 3230 imparatos,
1046 3130 1201 3205 necdum
1221 3135 1382 3205 munitos

322 3264 394 3321 tam
414 3248 587 3349 repellere
612 3272 721 3346 qnam
742 3262 970 3345 prosternere
992 3247 1184 3320 animatur.
1206 3248 1274 3320 Cui
1296 3273 1381 3324 cum

321 3388 383 3436 rex
396 3378 557 3435 armams
572 3378 670 3435 extra
686 3362 877 3454 obviasset,
894 3363 1048 3437 vicissim
1060 3364 1095 3435 in
1113 3388 1241 3463 campo
1255 3366 1385 3461 gravis-

322 3480 410 3552 sime
432 3479 636 3567 dimicatur,
663 3478 909 3551 indifferenter
929 3494 1003 3552 tam
1031 3479 1163 3552 lanceis
1182 3504 1289 3578 quam
1310 3481 1384 3577 gla-

322 3594 405 3687 diis,
417 3597 538 3694 potius
551 3594 598 3667 de
607 3595 752 3668 victoria
764 3618 874 3692 quam
887 3594 933 3666 de
941 3595 1013 3666 vita
1021 3595 1151 3692 agitur,
1164 3594 1210 3668 de
1222 3597 1384 3695 trophaeo

323 3735 434 3809 quam
463 3708 509 3782 de
533 3725 652 3783 morte
679 3708 892 3782 consulitur.
920 3709 1009 3781 Ubi⁸
1031 3708 1204 3783 mirabilis
1227 3709 1382 3784 audaciae

324 3826 462 3901 videres
477 3828 761 3927 experimentum
776 3854 784 3897 :
800 3826 972 3925 quoniam
984 3851 1068 3900 cum
1084 3827 1258 3899 exercitus
1274 3827 1383 3900 comi·

327 3944 382 4031 tis,
395 3958 454 4016 ter
469 3959 610 4016 tantum
626 3943 783 4016 exercitu
803 3944 894 4040 regis
914 3944 1153 4034 numerosior,
1177 3942 1305 4015 milites
1325 3968 1383 4015 re·

327 4060 376 4156 gis
386 4060 422 4131 in
438 4058 559 4132 villam
581 4058 818 4154 retrusissent,
835 4082 897 4131 rex
912 4059 985 4157 ipse
1001 4083 1084 4131 cum
1101 4058 1236 4157 paucis,
1256 4055 1404 4131 videti--

365 4251 394 4306 l.
409 4250 539 4306 Fatalem
552 4246 620 4305 edd.
634 4245 739 4307 Chesn.
753 4266 788 4304 ac
802 4248 899 4309 Germ.

369 4343 398 4401 2.
413 4338 457 4398 ob
467 4342 633 4411 seditionem
646 4340 713 4399 edd.
728 4338 833 4399 Chesn.
849 4351 880 4399 et
893 4341 994 4402 Germ.

368 4437 395 4493 3.
408 4431 522 4493 Nostris
535 4437 660 4492 lamine
674 4431 913 4514 (Em-et·er).

368 4530 396 4586 a,
412 4529 477 4585 Vin·
490 4526 560 4587 edd.
574 4526 663 4586 Germ
674 4537 704 4587 et
716 4526 821 4587 Chesn.
