3742 5667
606 805 669 861 VlE
685 805 736 862 DE
752 803 864 862 LOUlS
883 803 929 860 tu
947 803 1057 861 cttOS.

463 1165 574 1246 Vtra
597 1164 952 1246 Gtualoslsslul
980 1167 1213 1249 tuuovlcl

527 1379 737 1432 rnauconnu
770 1379 868 1428 necis
896 1379 1139 1432 rmnsratseuu

644 1511 773 1564 trouu
805 1511 982 1564 renuam
995 1489 1022 1561 ¹.
1088 1577 1093 1586 ¹

354 1781 382 1850 l.
411 1777 597 1851 Gloriosus
614 1777 722 1875 igitur
739 1793 775 1851 et
791 1778 949 1852 famosus
972 1804 1034 1851 rex
1058 1784 1278 1852 Francorum
1303 1783 1369 1851 Lu-

308 1893 471 1984 dovicus,
493 1893 583 1989 regis
597 1891 778 1989 magnifici
794 1893 949 1992 Philippi
964 1893 1071 1985 lilius,
1082 1894 1258 1993 primaevae
1278 1894 1368 1968 flore

308 2009 430 2101 etatis,
446 2006 523 2080 lere
538 2006 657 2079 adbuc
673 2007 876 2081 duodennis
890 2035 953 2081 seu
975 2009 1169 2101 tredennis,
1181 1999 1323 2106 elegans
1334 2026 1370 2083 et

307 2125 499 2212 formosus,
530 2137 627 2194 tanta
654 2147 798 2194 morum
823 2123 1068 2220 probabilium
1096 2123 1288 2197 venerabili
1312 2127 1369 2198 iu-

308 2239 457 2331 dustria,
479 2255 576 2312 tauta
589 2240 820 2312 amoenissimi
841 2240 1004 2338 corporis
1024 2241 1235 2339 proceritate
1257 2243 1368 2341 proli-

309 2354 433 2448 ciebat,
466 2368 562 2427 utet
591 2356 740 2455 sceptris
764 2355 892 2428 suturis
916 2358 1032 2453 reipsa
1053 2355 1369 2454 amplificationem

309 2468 545 2542 honorificam
560 2472 811 2544 incunctanter
827 2472 1064 2568 promitteret,
1086 2487 1123 2544 et
1140 2472 1370 2545 ecclesiarum

309 2601 343 2658 et
359 2611 561 2684 pauperum
584 2587 727 2659 tuitioni
749 2611 850 2684 spem
873 2588 1032 2660 votivam
1055 2603 1252 2682 generaret.
1271 2589 1371 2661 Altus

309 2701 495 2802 puerulus,
514 2703 659 2799 antiqua
675 2726 801 2798 regum
810 2703 928 2774 Caroli
943 2701 1060 2797 Magni
1079 2715 1117 2774 et
1130 2703 1285 2775 aliorum
1308 2727 1370 2773 ex-

311 2816 582 2908 cellentiorum,
611 2817 682 2889 boc
713 2817 832 2915 ipsum
870 2817 1092 2889 testamentis
1129 2815 1371 2916 imperialibus
1408 2857 1411 2862 ·

312 2930 590 3025 testificantium,
619 2931 892 3018 consuetudine,
919 2930 1017 3030 apud
1047 2935 1217 3002 Sanctum
1231 2931 1363 3026 Diony·

312 3047 417 3119 sium¹
431 3061 531 3118 tanta
545 3061 581 3118 et
589 3048 691 3143 quasi
703 3047 822 3120 nativa
833 3044 1024 3118 dulcedine
1039 3045 1125 3142 ipsis
1137 3046 1269 3118 sanctis
1280 3071 1372 3117 mar-

313 3161 449 3261 tyribus
470 3163 614 3260 suisque
638 3161 803 3253 adbaesit,
838 3160 1070 3259 usqueadeo
1096 3175 1136 3231 ut
1164 3163 1322 3233 innatam
1351 3186 1372 3231 a

312 3303 422 3378 puero
434 3302 563 3350 eorum
574 3278 729 3351 ecclesiae
744 3279 939 3351 amicitiam
948 3291 1026 3350 toto
1037 3292 1200 3374 tempore
1209 3276 1289 3347 vitre
1302 3300 1372 3347 suae

313 3392 422 3466 multa
450 3392 664 3466 liberalitate
697 3407 733 3466 et
761 3392 1038 3466 honorificentia
1069 3392 1305 3482 continuaret,
1336 3405 1374 3463 et

313 3508 447 3599 influe,
466 3532 608 3580 summe
623 3523 705 3607 post
721 3512 839 3580 Deum
855 3532 1000 3606 sperans
1024 3507 1071 3579 ab
1089 3508 1151 3590 eis,
1170 3508 1326 3606 seipsum
1337 3521 1374 3579 et

315 3647 466 3722 corpore
477 3640 515 3698 et
527 3625 662 3715 anima,
682 3638 722 3696 ut
733 3625 762 3695 si
779 3622 856 3696 fieri
867 3639 1000 3723 posset,
1020 3622 1156 3694 ibidem
1178 3622 1374 3694 monachus

316 3737 528 3831 efficeretur,
536 3741 763 3813 devotissime
775 3739 1010 3813 deliberando
1019 3735 1372 3823 contraderet.Sane,

316 3853 457 3953 prelata
473 3870 589 3949 aetate,
605 3856 726 3929 animo
741 3855 891 3954 juvenili
908 3856 1028 3951 vigere
1042 3851 1244 3928 maturabat
1263 3853 1375 3956 virtus

357 4061 386 4117 l.
409 4061 477 4118 Post
497 4057 637 4140 capitula,
658 4060 689 4120 in
704 4061 767 4120 solo
785 4061 851 4121 cod.
879 4064 950 4134 135,
967 4059 1074 4139 legitur
1094 4056 1192 4122 titulus
1211 4058 1270 4138 ille,
1288 4077 1374 4137 quem

320 4149 386 4210 dant
397 4151 482 4212 etiam
495 4153 567 4214 edd.
582 4153 688 4217 Cbesn.
703 4173 738 4214 ac
753 4156 863 4215 Bened.

358 4246 386 4300 Ξ.
408 4248 505 4326 Usque
523 4249 562 4308 ad
573 4247 690 4308 tertium
698 4249 843 4308 decimum
856 4269 966 4309 annum
979 4247 1142 4309 Ludoricus
1155 4247 1186 4306 in
1200 4245 1376 4305 monasterio

321 4335 412 4398 Sancti
435 4339 567 4422 Dionysii
594 4343 731 4404 educatus
755 4356 809 4403 est.
840 4344 885 4404 Cf.
905 4342 1019 4423 sugerii
1041 4342 1147 4402 librum
1173 4343 1218 4398 De
1237 4338 1319 4397 rebus
1346 4345 1377 4395 tn

319 4431 562 4588 {dumnistmione
582 4444 751 4514 redgerus,
771 4457 835 4518 cap.
857 4441 906 4516 32,
929 4448 959 4496 et
980 4420 1136 4517 Scriptores
1162 4439 1228 4498 tter.
1255 4437 1375 4508 Gallie„

376 4569 384 4600 ,
396 4527 467 4590 tot.
