3742 5667
529 800 588 859 ssu
669 794 674 803 ’
747 794 910 854 muvurs
930 778 1147 853 continuus
1166 796 1217 853 na
1236 795 1372 855 suom.

527 931 647 1026 valde,
663 930 777 1005 multa
797 930 1022 1004 animositate
1041 928 1296 1027 vilipendebat,
1315 942 1350 1001 et
1366 943 1540 1027 tanquam
1561 928 1596 1001 si

527 1050 632 1146 regiae
657 1048 848 1147 majestatis
869 1046 1023 1119 thronus
1047 1045 1205 1119 vulneris
1229 1042 1392 1118 dolorem
1418 1044 1598 1143 dedigna.

529 1169 658 1258 retur¹,
689 1163 802 1261 rigide
831 1163 1030 1261 angustiam
1051 1163 1154 1261 quasi
1177 1186 1251 1235 non
1275 1161 1456 1233 sustinens
1480 1162 1595 1235 susti-

527 1281 649 1357 nebat.

575 1397 701 1469 xxxl.
737 1399 790 1466 Eo
815 1410 937 1468 autem
968 1410 1150 1494 tempore,
1178 1393 1364 1467 ecclesiam
1398 1418 1594 1467 romanam

529 1512 718 1586 schismate
741 1510 943 1610 periculoso
966 1510 1169 1607 gravissime
1188 1525 1224 1583 et
1251 1534 1343 1610 pene
1369 1510 1592 1609 praecordia-

527 1628 610 1701 liter
631 1626 779 1723 contigit
799 1627 960 1699 sauciari.
992 1626 1211 1700 Venerandae
1240 1628 1420 1700 memoriae
1444 1650 1593 1699 summo

527 1742 697 1844 pontifice
722 1758 759 1815 et
781 1742 973 1816 universali
998 1766 1090 1842 papa
1109 1742 1272 1817 Honorio
1293 1743 1387 1818 viam
1412 1744 1593 1815 univcrsae

531 1859 646 1932 carnis
662 1861 832 1956 ingresso,
853 1882 937 1931 cum
955 1858 1111 1932 ecclesiae
1128 1882 1284 1931 romanae
1299 1862 1452 1955 majores
1470 1873 1507 1931 et
1526 1884 1593 1931 sa-

528 1976 736 2075 pientiores,
758 1974 804 2049 ad
825 1974 1087 2048 removendum
1104 1975 1259 2048 ecclesiae
1275 1974 1484 2068 tumultum,
1501 2000 1593 2049 con-

530 2093 721 2165 sensissent
734 2090 831 2191 apud
847 2095 1018 2164 Sanctum
1034 2094 1193 2163 Marcum
1209 2107 1246 2165 et
1261 2116 1334 2164 non
1350 2090 1447 2183 alibi,
1462 2107 1499 2165 et
1515 2116 1593 2163 non

528 2208 598 2279 nisi
616 2207 867 2298 communiter,
895 2232 1046 2280 romano
1070 2231 1172 2279 more
1197 2206 1375 2280 celebrem
1397 2206 1477 2279 fieri
1500 2206 1595 2281 elec-
1721 2194 1722 2213 ¹

529 2322 679 2415 tionem,
698 2324 763 2421 qui
780 2322 985 2396 assiduitate
1006 2337 1042 2394 et
1059 2322 1296 2397 familiaritate
1311 2323 1593 2422 propinquiores

528 2438 714 2538 apostolici
732 2439 884 2525 fuerant,
894 2439 1025 2511 timore
1039 2439 1334 2511 tumultuantium
1345 2443 1592 2512 Romanorum

529 2553 614 2627 illuc
628 2558 823 2629 convenire
837 2582 910 2629 non
921 2555 1107 2649 audentes,
1118 2572 1309 2654 antequam
1323 2555 1592 2655 publicaretur'

529 2670 671 2744 domini
692 2696 792 2771 papae
804 2671 981 2765 decessuS,
1000 2697 1193 2772 personam
1211 2671 1453 2745 venerabilem
1470 2672 1590 2745 cardi·

529 2786 647 2859 nalem
668 2787 715 2860 de
741 2791 870 2860 Sancto
885 2788 1019 2884 Angelo
1044 2788 1238 2861 diaconum
1267 2790 1480 2887 Gregorium
1494 2812 1592 2860 surn-

529 2925 631 2973 mum
645 2901 779 2999 eligunt
788 2902 1012 3003 pontificem.
1024 2904 1094 2993 Qui
1108 2919 1228 2976 autem
1244 2905 1340 2976 Petri
1353 2906 1482 2977 leonis
1496 2905 1590 3003 parti

529 3016 709 3110 favebant,
735 3018 832 3117 apud
854 3021 1025 3091 Sanctum
1046 3023 1203 3092 Marcum
1221 3043 1286 3118 pro
1302 3036 1408 3117 pacto
1425 3020 1513 3093 alios
1530 3021 1587 3092 in-

529 3134 681 3207 vitantes
703 3149 960 3225 convencrunt‚
987 3134 1195 3233 dominique
1211 3160 1310 3236 papae
1326 3152 1452 3209 morte
1481 3161 1587 3209 com-

528 3264 642 3347 perta,
654 3250 773 3349 ipsum
788 3249 958 3323 eumdem
968 3254 1114 3323 Petrum
1122 3254 1248 3324 leonis
1262 3252 1481 3326 cardinalem
1492 3278 1589 3352 pres·

527 3362 707 3460 hyterum,
732 3365 931 3439 multorum
957 3382 994 3439 et
1019 3368 1269 3467 cpiscoporum
1292 3383 1329 3441 et
1348 3369 1587 3441 cardinalium

527 3494 564 3552 et
576 3481 793 3554 clericorum
808 3498 843 3554 et
861 3486 1105 3555 Romanorum
1114 3484 1291 3557 nobilium
1305 3510 1499 3578 consensu,
1522 3510 1587 3558 vo-

528 3600 599 3667 tive
612 3598 807 3694 elegerunt,
823 3600 947 3698 sicque
963 3598 1115 3673 schisma
1128 3602 1368 3700 perniciosum
1379 3601 1585 3694 statuendo,

527 3711 659 3785 Christi
692 3716 840 3787 Domini
870 3717 1029 3787 tunicam
1056 3717 1306 3790 inconsutilem
1334 3718 1585 3810 discindendo,

528 3829 647 3924 partiti
670 3846 753 3902 sunt
780 3830 966 3904 ecclesiam
986 3832 1065 3923 Dei,
1083 3847 1120 3905 et
1136 3832 1225 3904 dum

687 4034 794 4111 Magno
808 4051 839 4092 se
853 4032 951 4109 judice
964 4034 1084 4113 quisque
1100 4033 1225 4113 tuetur‘,

529 4217 588 4289 alii
613 4218 701 4292 alios
726 4220 907 4313 alliciunt,
933 4223 994 4295 alii
1022 4222 1110 4296 alios
1137 4222 1362 4297 anathemate
1388 4221 1581 4314 innodant,

565 4446 595 4503 l.
607 4448 787 4523 Dedignatur
801 4448 910 4509 letto.
927 4476 966 4491 -·
988 4451 1018 4507 2.
1031 4446 1229 4507 Pubttearerur
1240 4446 1359 4507 deestin
1372 4450 1439 4513 cod.
1453 4448 1520 4510 eod.

564 4541 594 4599 3.
615 4538 722 4598 Lucani
735 4540 850 4615 Phara,
865 4542 890 4612 l,
908 4542 977 4598 tat.
