3742 5667
752 754 924 813 tumus.
1304 760 1361 818 25¹1

303 896 406 955 sueto
431 882 558 957 ordine
580 884 797 979 consoletur,
825 885 979 959 fideliter
1003 885 1190 985 adjuvetis.
1218 895 1362 980 Quanto

302 998 483 1096 siquidem
507 1000 607 1098 regni
630 1002 752 1073 reterui
772 1001 1038 1100 amplificationi
1061 1007 1245 1102 operosius
1267 1007 1360 1079 inui-

302 1114 405 1207 titur,
423 1131 526 1188 tanto
542 1140 646 1191 suum
664 1115 731 1189 sibi
752 1116 889 1213 integre
912 1119 1113 1191 conservari
1132 1120 1358 1218 potissimum

304 1234 498 1305 meretur¹.

543 1622 577 1669 X·
606 1620 873 1673 summotum
894 1618 1127 1676 serumst.

305 1886 408 1959 sager,
425 1900 465 1937 aa
478 1900 540 1939 nom
553 1881 659 1952 dumi,
672 1900 813 1957 approuve
828 1879 966 1938 retentor
977 1883 1015 1939 de
1027 1886 1125 1941 Gmlin
1138 1904 1177 1941 au
1192 1887 1272 1961 rie'ge
1294 1887 1361 1959 ὁρί-

344 1973 445 2047 scopa!
466 1972 502 2026 de
514 1969 659 2045 chartres,
673 1984 700 2029 et
713 1974 843 2047 rappeIIe
855 1990 910 2047 que
925 1975 955 2028 la
964 1973 1060 2049 re'gole
1067 1974 1128 2030 doit
1138 1973 1198 2031 ἐπε
1210 1974 1312 2030 remise
1336 1973 1356 2028 ὰ

348 2060 477 2141 Γένέᾳιιε
495 2062 581 2141 apres
596 2083 645 2121 son
662 2068 869 2123 intmnisation.

787 2221 893 2303 (ruo)

355 2439 535 2536 Sugerius,
555 2439 619 2511 Dei
638 2437 760 2535 gratia,
784 2437 877 2509 Beati
891 2438 1051 2537 Dionysii
1066 2438 1191 2531 abbas,
1206 2440 1364 2539 capitulo

306 2554 532 2646 Caruotensi,
551 2553 706 2626 noberto
726 2552 861 2625 scilicet
887 2552 1025 2627 decano
1045 2571 1082 2628 et
1098 2555 1188 2649 aliis,
1211 2556 1364 2631 salutem
1429 2579 1433 2594 ²

307 2686 343 2743 et
362 2670 664 2743 benedictionem.

358 2786 466 2876 Quod
476 2786 692 2857 unanimiter
701 2799 737 2857 et
748 2787 933 2858 communi
944 2811 1033 2884 pace
1043 2786 1251 2885 pontificem
1264 2786 1368 2859 vobis

308 2902 487 2974 domuum
515 2900 712 2973 Goslenum
742 2899 1034 2973 archidiaconum
1060 2900 1235 2998 elegistis,
1262 2901 1366 2975 valde

309 3016 415 3090 uobis
430 3016 562 3116 placet.
588 3017 692 3087 Enim
719 3041 802 3088 vero
825 3016 943 3115 ipsum
961 3017 1154 3089 honestum
1179 3032 1215 3089 et
1239 3016 1368 3090 libera·

308 3132 380 3205 lem
394 3148 432 3205 et
452 3132 654 3204 audivimus
675 3148 711 3204 et
733 3131 924 3206 credimus.
945 3137 1017 3204 Nos
1034 3146 1167 3221 autem,
1189 3149 1366 3230 quantum

309 3273 351 3321 en
376 3264 478 3347 parte
511 3247 648 3323 domini
675 3248 781 3344 regis,
811 3246 914 3345 cujus
941 3247 1035 3319 vices
1059 3248 1219 3343 agimus,
1249 3249 1366 3322 facere

309 3362 498 3453 habemus,
511 3362 596 3434 huic
611 3361 778 3435 electioni
793 3361 947 3434 libenter
958 3388 1139 3435 assensum
1151 3363 1367 3461 praebemus.
1383 3352 1386 3359 ⁷

311 3483 363 3552 De
382 3477 562 3576 regalibus
580 3502 682 3569 vero,
700 3477 792 3550 sicut
816 3478 852 3549 in
877 3479 976 3550 curia
995 3477 1225 3552 dominorum
1242 3504 1366 3577 regum

311 3601 530 3667 Francorum
541 3618 621 3666 mos
640 3594 807 3691 antiquus
821 3593 927 3664 fuisse
942 3593 1175 3689 dignoscitur,
1200 3619 1283 3668 cum
1297 3596 1371 3693 epi-

312 3736 441 3811 scopus
458 3725 698 3802 consecratus,
717 3709 802 3781 etin
819 3708 993 3808 palatium
1009 3734 1052 3782 ex
1068 3735 1169 3782 more
1194 3711 1368 3784 canonico

312 3827 417 3898 fuerit
434 3823 673 3916 introductus,
699 3840 785 3897 tunc
803 3824 835 3896 ei
857 3823 1056 3897 reddentur
1075 3826 1209 3896 omnia.
1232 3826 1299 3897 Hic
1315 3843 1368 3899 est

314 3941 527 4016 redditionis
547 3940 639 4013 ordo
655 3955 691 4012 et
709 3938 945 4030 consuetudo,
965 3954 1019 4030 ut,
1038 3940 1130 4010 sicut
1146 3939 1312 4033 diximus,
1330 3942 1368 4013 in

313 4057 442 4157 palatio
459 4071 611 4129 statutus
631 4056 704 4152 regi
718 4069 755 4128 et
777 4079 887 4151 regno
904 4052 1114 4127 fidelitatem
1130 4054 1249 4145 faciat,
1268 4071 1305 4129 et
1320 4056 1371 4129 sic
1417 4120 1422 4129 .

313 4173 461 4248 demum
477 4172 606 4271 regalia
619 4171 794 4271 recipiat¹.

354 4406 384 4464 i.
397 4404 441 4461 ltx
454 4400 576 4472 cheam,
589 4401 640 4471 IV,
656 4398 726 4459 ¹198.
744 4427 783 4442 -·
797 4399 863 4457 fler.
880 4400 980 4475 gallic.
995 4401 1144 4473 scriptor„
1159 4398 1225 4467 XV,
1241 4400 1312 4457 507.

355 4501 385 4557 2.
400 4499 443 4555 lix
457 4494 578 4573 Cheru„
594 4496 643 4565 1V,
657 4494 727 4555 1198.
740 4523 780 4537 -
790 4496 858 4551 λεν.
866 4494 967 4571 gadir.
980 4496 1124 4568 scriptor„
1139 4493 1205 4561 XV,
1222 4493 1291 4551 5⁰7.

1218 4601 1253 4657 Π
