3742 5667
494 796 533 853 la
720 788 880 851 murras
900 773 1119 853 enarrans
1138 795 1186 852 oe
1206 794 1342 854 sunau.

495 927 688 999 Simonem¹
719 926 765 999 de
788 929 908 1000 Monte
935 925 1061 1017 Forti¹,
1091 926 1281 999 dominum
1315 927 1445 999 Montis
1460 928 1557 1000 Gaii¹

496 1047 689 1138 Paganum,
706 1057 828 1142 captos
841 1055 1045 1116 tenuerunt.
1063 1047 1196 1115 Verum
1209 1041 1339 1138 xngtiae
1362 1059 1486 1142 captos
1510 1043 1558 1116 ad

496 1159 784 1259 redemptionem
802 1157 955 1232 celerem
968 1158 1130 1230 militaris
1155 1158 1325 1258 stipendii
1348 1158 1559 1232 acceleravit

495 1276 664 1368 anxietas,
681 1281 898 1349 Francorum
911 1301 996 1348 vero
1009 1275 1117 1371 longa
1132 1275 1294 1348 diuturni
1309 1277 1460 1348 carceris
1480 1299 1558 1348 ma-

497 1393 629 1464 cerarit
648 1391 856 1491 prolixitas:
875 1417 942 1465 nee
972 1391 1050 1464 ullo
1072 1391 1184 1464 modo
1214 1390 1410 1465 evinculari
1429 1407 1560 1491 potue·

498 1523 596 1600 runt,
617 1509 747 1601 donec,
776 1523 939 1608 suscepta
961 1507 1120 1606 ejusdem
1148 1508 1238 1603 regis
1263 1507 1390 1604 angliae
1415 1507 1557 1599 militia,

495 1623 659 1696 hominio
685 1622 844 1719 obligati,
877 1647 1027 1720 regnum
1056 1639 1093 1696 et
1123 1648 1245 1720 regern
1278 1624 1489 1722 impugnare
1522 1639 1561 1696 et

499 1737 642 1812 turbare
654 1738 888 1836 jurejurando
905 1737 1152 1812 firmaverunt.
1174 1737 1369 1811 Dicebatur
1388 1739 1560 1836 equidem

500 1851 604 1947 vulgo
619 1876 740 1949 regem
758 1853 860 1925 illum
876 1853 1072 1951 superbum
1091 1870 1128 1926 et
1144 1855 1386 1952 impetuosum
1403 1856 1561 1954 aspirare

499 1967 546 2040 ad
561 1990 713 2064 regnum
724 1965 959 2059 Francorum,
983 1971 1067 2067 quia
1087 1969 1249 2041 famosus
1265 1970 1406 2065 juvenis
1431 1972 1561 2044 unicus

500 2084 592 2182 patri
601 2099 677 2157 erat
692 2083 738 2156 de
753 2082 975 2157 nobilissima
993 2085 1157 2182 conjuge,
1175 2085 1321 2158 Roberti
1336 2085 1563 2160 Flandrensis

500 2200 639 2272 comitis
657 2224 790 2272 sorore.
818 2203 890 2288 Qui
914 2200 1011 2272 enim
1039 2200 1113 2273 duo
1133 2215 1354 2298 supererant,
1379 2200 1563 2300 Philippus

501 2329 536 2386 et
552 2315 686 2404 Florus,
705 2315 751 2386 de
766 2314 1001 2415 superducta⁸
1013 2315 1255 2412 ludegavensi
1271 2316 1451 2389 comitissa
1475 2323 1562 2389 Ber-

501 2429 601 2501 trada
628 2429 736 2526 geniti
759 2444 871 2516 erant,
899 2454 966 2502 nec
990 2430 1136 2502 illorum
1157 2429 1402 2526 apreciabatur
1423 2454 1564 2502 succes·

499 2547 650 2636 sionem,
667 2547 695 2618 si
712 2546 859 2619 unicum
875 2546 1036 2644 primum
1052 2543 1225 2618 decedere
1254 2570 1487 2642 quocumque
1504 2546 1563 2616 in·

500 2661 660 2733 fortunio
676 2662 910 2757 contingeret.
925 2665 1073 2751 Verum,
1088 2661 1246 2757 quianec
1262 2660 1389 2732 fasnec
1400 2660 1564 2732 naturale

501 2792 553 2850 est
570 2782 723 2850 Francos
740 2776 871 2873 anglis,
886 2777 961 2849 imo
979 2777 1110 2872 Anglos
1123 2776 1266 2848 Francis
1290 2774 1431 2872 subjici,
1460 2779 1563 2873 spem

500 2890 714 2990 repulsivam
729 2893 781 2963 rei
805 2891 936 2964 delusit
958 2907 1119 2963 eventus.
1146 2895 1237 2963 Nam
1265 2915 1348 2962 cum
1372 2915 1437 2988 per
1456 2891 1565 2961 trien·

503 3006 603 3079 nium
613 3006 884 3104 uutecamplius
898 3005 981 3079 hac¹
994 3007 1129 3078 insania
1145 3031 1183 3078 se
1195 3021 1231 3078 et
1242 3030 1325 3078 suos
1339 3006 1562 3101 exagitasset,

502 3148 568 3194 nec
575 3147 640 3221 per
651 3121 780 3219 Anglos
790 3147 856 3194 nec
872 3146 936 3220 per
944 3127 1096 3194 Francos
1111 3121 1273 3195 hominio
1289 3121 1466 3216 obligatos
1477 3146 1565 3219 pro·

502 3237 656 3310 ficiendo
683 3238 858 3310 voluntati
884 3262 956 3310 suae
980 3236 1180 3311 satisfacere
1208 3236 1357 3326 valeret,
1387 3234 1560 3308 subsedit.

501 3357 664 3450 Cumque
689 3354 726 3425 in
746 3353 906 3449 Angliam
926 3353 1199 3441 transfretasset,
1227 3353 1375 3425 lasciviae
1396 3366 1432 3424 et
1451 3352 1565 3424 animi

503 3467 851 3561 desideriisdeditus,
869 3494 953 3541 cum
966 3467 1124 3568 quadam
1136 3467 1195 3540 die
1212 3469 1247 3539 in
1267 3473 1364 3540 Nora
1375 3467 1486 3541 Silva·
1503 3491 1564 3539 ve-

503 3583 706 3658 nationibus
721 3585 910 3677 insisteret,
926 3583 1047 3657 subito
1063 3585 1248 3683 inopinata
1274 3583 1400 3679 sagitta
1421 3607 1566 3682 percus-

502 3723 579 3790 sus,
611 3701 757 3774 interiit.
789 3700 997 3772 Divinatunr
1028 3714 1082 3771 est
1105 3699 1242 3771 virum'
1275 3699 1397 3770 diviua
1426 3699 1565 3770 ultione

502 3839 726 3914 percussum,
753 3831 934 3914 assumpto
954 3815 1109 3887 veritatis
1129 3828 1362 3911 argumento,
1394 3838 1438 3886 eo
1463 3812 1564 3910 quod

544 4071 574 4127 l.
596 4069 743 4137 &monem
756 4069 825 4126 543.
849 4097 886 4112 -
907 4067 936 4123 2.
960 4063 1390 4142 Vulgdrllontsort·1'Amaury.

543 4165 573 4222 ³.
594 4159 689 4239 Vulgd
702 4163 819 4237 Moutga
833 4156 1123 4238 (Seiae-et·Mame).

542 4258 573 4314 la.
594 4257 766 4332 Supradr‘ctu
780 4255 837 4314 133
850 4272 884 4312 ac
898 4253 946 4312 ed.
961 4254 1062 4311 Germ.
1083 4285 1124 4296 -
1137 4254 1304 4328 Superde‘eta
1321 4253 1429 4312 tarro.

545 4351 575 4408 t.
595 4353 659 4406 Hae
673 4349 870 4410 illd-Hae
882 4346 965 4407 alias.

543 4445 572 4502 6.
585 4443 679 4514 Nunc,
692 4440 816 4520 anglice,
830 4440 1134 4517 corrrumpas-Para.
1206 4467 1210 4474 ·

545 4539 575 4598 t.
594 4539 677 4594 Hunc
690 4541 777 4592 virum
794 4538 862 4597 133.
