3742 5667
659 1227 864 1300 SUGERII
890 1225 1019 1298 VITA.

531 1485 713 1590 Gausredo
724 1491 734 1528 ¹
745 1512 809 1559 suo
823 1511 909 1558 aruer
923 1491 976 1558 W
975 1483 1143 1558 illelmus.

361 1767 540 1856 Quoniam
556 1780 591 1838 te
606 1779 778 1864 prasente
796 1762 937 1836 nullum
958 1759 1045 1834 mihi
1061 1775 1203 1860 tempus
1219 1758 1266 1833 ad
1281 1759 1370 1833 sori·

312 1878 476 1954 bendum
501 1878 691 1953 videbatur
714 1903 889 1970 vacuum,
918 1891 1002 1978 post
1027 1875 1222 1950 discessum
1252 1877 1370 1950 statim

312 2020 455 2069 mernor
468 2018 617 2095 precum
633 2009 777 2067 tuarum
794 2009 829 2066 et
851 2018 940 2066 meae
960 1992 1218 2092 promissionis,
1236 1991 1372 2092 arripui

313 2111 492 2183 calamum
509 2125 546 2184 et
559 2111 685 2202 institi,
709 2126 749 2183 ut
767 2109 886 2208 potui,
902 2107 1072 2196 scribere,
1091 2107 1224 2180 seilicet
1239 2104 1286 2179 de
1302 2109 1369 2179 Su-

314 2228 413 2324 gerio
428 2240 566 2319 nostro,
582 2224 718 2324 aliquid
734 2224 834 2324 quod
850 2239 884 2297 et
899 2223 965 2296 tibi
981 2224 1025 2296 sit
1035 2238 1174 2320 gratum
1194 2237 1229 2294 et
1249 2221 1373 2295 multis
1398 2263 1402 2270 ·

314 2343 414 2417 utile.
428 2344 602 2433 Quotiens
617 2344 714 2415 enim
731 2343 800 2414 viri
815 2339 910 2415 illius
928 2336 1123 2412 venerandi
1139 2363 1281 2412 mecum
1298 2339 1372 2411 vir·

314 2473 410 2532 tutes
423 2459 578 2550 intueor,
590 2459 757 2556 quotiens
768 2456 964 2530 verborum
976 2453 1149 2528 recordor
1158 2469 1195 2528 et
1203 2478 1370 2553 operum,

314 2574 352 2646 in
366 2572 547 2672 exemplar
561 2588 658 2646 certe
672 2573 763 2645 mihi
774 2570 917 2644 videtur
926 2571 1054 2661 editus,
1068 2585 1108 2642 ut
1117 2585 1243 2642 tamer
1257 2569 1375 2643 verbis

314 2687 392 2787 ejus
406 2712 516 2786 quam
525 2686 694 2786 operibus
712 2685 856 2757 vivendi
870 2685 1023 2757 sormam
1035 2708 1240 2757 successura
1257 2685 1375 2757 trahat

314 2804 514 2903 posteritas.
534 2801 645 2900 Cujus
657 2800 741 2900 quia
759 2801 840 2873 vitae
859 2797 1067 2898 aliquandiu
1094 2814 1213 2872 tecum
1229 2800 1374 2872 interfui

315 2932 352 2991 et
367 2933 503 2991 secreta
521 2917 698 3017 perspexi,
712 2940 839 2989 vereor
858 2916 943 2989 satis
957 2939 1003 2988 ne
1021 2915 1286 3012 ingratitudinis
1301 2939 1377 2988 me·

314 3034 386 3106 rito
400 3057 542 3130 arguar,
566 3033 597 3106 si
618 3057 694 3105 non
710 3057 751 3105 ea
773 3057 853 3130 quae
868 3030 914 3105 ad
929 3057 1049 3105 meam
1068 3055 1263 3132 pervenere
1278 3033 1374 3106 noti·

316 3147 403 3220 tiam
415 3146 548 3246 quibus
562 3172 710 3248 possum
732 3147 851 3220 verbis
870 3147 1048 3240 extulero,
1070 3148 1223 3220 maxime
1238 3171 1324 3220 eum
1339 3162 1376 3221 et

316 3277 444 3360 preter
454 3265 624 3338 meritum
631 3287 717 3336 usus
728 3263 796 3335 sim
808 3264 884 3361 ejus
893 3263 1004 3360 gratia
1013 3281 1050 3336 et
1065 3263 1235 3336 senserim
1243 3261 1378 3336 benefi-

316 3378 388 3470 oia3
400 3377 484 3452 lieet
498 3377 755 3453 virtutumhoee
764 3380 807 3451 sit
823 3394 1014 3471 natura,ut
1021 3377 1133 3452 latere
1144 3401 1217 3451 non
1226 3379 1377 3478 possint,

316 3493 455 3566 etiamsi
472 3494 625 3568 consciis
646 3493 816 3567 omnibus
835 3492 1016 3567 silentium
1037 3492 1131 3566 livor
1148 3491 1329 3586 indixerit,
1342 3508 1380 3567 et

316 3605 462 3681 latuisse
476 3632 600 3682 earum
615 3632 689 3683 non
707 3609 751 3681 sit
767 3608 1040 3682 detrimentum.
1059 3609 1186 3682 Veniet
1200 3609 1297 3681 enim
1312 3608 1378 3681 ali·

318 3723 481 3822 quando,
498 3726 618 3800 veniet
641 3724 732 3818 dies,
756 3725 820 3824 qui
845 3722 1056 3798 abscondita
1078 3740 1116 3799 et
1141 3725 1252 3800 seculi
1277 3725 1380 3798 mali·

318 3839 450 3932 gnitate
466 3863 669 3942 compressa
683 3843 719 3914 in
736 3840 855 3914 lucem
864 3841 962 3915 bona
976 3840 1114 3914 efferet.
1124 3845 1243 3914 Unum
1259 3843 1380 3940 itaque

319 3969 391 4028 ate
403 3971 550 4054 oportet
567 3958 771 4058 impetrem,
790 3981 836 4030 ne
852 3957 889 4029 in
907 3955 965 4029 his
976 3981 1055 4054 quae
1066 3953 1112 4029 de
1126 3955 1188 4030 illo
1203 3981 1380 4032 memora·

321 4084 423 4142 turus
445 4095 527 4144 sum
545 4088 684 4145 eertum
708 4073 865 4172 aliquem
885 4096 946 4145 me
967 4073 1068 4170 sequi
1091 4072 1179 4146 velis
1193 4074 1378 4162 ordinem3

323 4209 408 4260 eum
427 4185 584 4260 seribere
609 4189 862 4288 proposuerim
887 4201 995 4287 prout
1011 4187 1100 4261 mihi
1122 4189 1307 4288 potuerint
1321 4212 1383 4260 oc-

360 4437 392 4495 1.
407 4437 450 4495 lta
459 4434 490 4496 in
503 4436 571 4498 edd.
587 4441 690 4498 Fraue.
706 4437 836 4512 chesnii,
850 4418 1017 4498 baronis'de
1028 4437 1135 4498 Aitolio
1147 4449 1176 4498 et
1187 4435 1336 4502 Felibieni.
1345 4468 1381 4485 -

325 4529 466 4606 Gaufrido
477 4529 607 4592 scribunt
614 4530 803 4592 Benedictini.
