3742 5667
730 739 794 800 vlt
811 740 863 796 DE
882 737 1017 798 suunt.
1340 743 1396 804 38¹

330 895 353 930 α
387 869 440 940 tia
464 866 574 942 rebus
586 869 796 969 imponens,
817 870 884 942 toti
903 893 940 940 se
960 870 1118 942 inserens
1139 870 1288 964 mundo,
1310 875 1398 949 etin

328 1009 351 1048 «ι
386 1008 516 1058 omnes
536 1001 637 1058 actus
661 985 738 1082 ejus
757 985 1096 1084 contemplationem
1117 1012 1216 1060 suam
1241 989 1396 1083 mittens,

329 1125 352 1166 a
386 1099 650 1197 pulcherrimus
660 1125 744 1174 cum
757 1101 900 1193 decore,
915 1126 998 1174 cum
1010 1099 1142 1174 viribus
1155 1127 1262 1175 sanus
1275 1129 1316 1176 ac
1331 1105 1398 1178 sic-

332 1244 353 1280 «
386 1239 468 1306 cus,
486 1215 777 1316 imperturbatus,
786 1215 999 1314 intrepidus,
1011 1241 1119 1315 quem
1131 1216 1230 1290 nulla
1240 1218 1293 1291 vis
1306 1219 1399 1291 fran-

330 1361 353 1398 e
386 1355 484 1427 gere,
497 1355 607 1430 quem
620 1358 687 1406 nec
698 1332 860 1406 attollere
872 1332 1019 1405 fortuita
1030 1349 1264 1432 possent,nee
1277 1334 1396 1436 depri-

329 1477 351 1514 e
387 1473 498 1521 mere.
528 1481 548 1516 ι
572 1450 641 1521 Hic
660 1448 821 1547 profecto
844 1448 938 1521 illius
962 1463 1037 1521 erat
1054 1450 1204 1522 animus.
1225 1451 1397 1540 Quotiens

326 1564 394 1635 vir
406 1565 565 1639 sincerus
583 1590 625 1638 ac
638 1590 751 1665 purus
765 1580 802 1637 et
815 1565 951 1637 curiam
968 1579 1116 1638 conatus
1136 1579 1189 1637 est
1203 1581 1238 1638 et
1251 1591 1396 1640 omnem

326 1678 684 1754 administrationem
704 1680 919 1778 relinquere,
940 1695 982 1754 ut
995 1680 1042 1752 ad
1056 1681 1232 1781 ampliora
1252 1683 1396 1756 secede-

327 1803 393 1860 ret
413 1817 422 1862 :
439 1789 503 1863 sed
518 1805 555 1864 et
569 1814 647 1882 sua,
669 1815 748 1889 quae
763 1789 862 1862 hunc
883 1791 921 1862 in
940 1790 1053 1863 altum
1069 1791 1227 1883 miserat,
1249 1792 1399 1868 felicitas

326 1930 409 1979 non
419 1909 594 2006 permisit,
609 1933 675 1982 uec
685 1933 769 1981 eum
782 1932 888 2008 passa
898 1921 953 1980 est
963 1909 1053 1980 intra
1067 1907 1238 1981 natalium
1251 1935 1398 1984 suorum

327 2021 489 2096 modum
505 2048 705 2118 senescere,
724 2022 825 2121 quod
844 2021 925 2114 sibi,
947 2038 988 2095 ut
1005 2021 1195 2115 fatebatur,
1210 2024 1397 2124 contigisse

327 2137 528 2212 maluisset.

384 2255 451 2325 Cui
476 2280 561 2328 cum
582 2255 762 2354 praecipua
786 2254 887 2350 regni
911 2252 1161 2327 incumberent
1184 2255 1347 2352 negotia,
1375 2281 1396 2329 a

327 2368 434 2442 cultu
451 2384 571 2442 tamen
586 2371 710 2442 divino
723 2394 922 2467 numquam
937 2369 1039 2441 illum
1056 2371 1244 2468 occupatio
1256 2371 1311 2444 vel
1328 2397 1395 2471 pu-

327 2481 427 2557 blica
444 2486 503 2558 vel
528 2486 664 2584 privata
682 2486 839 2558 retraxit.
864 2486 946 2558 Sive
972 2485 1067 2558 enim
1097 2486 1248 2560 fratrum
1273 2489 1395 2587 synaxi

326 2599 538 2691 interesset,
557 2625 719 2674 seucum
739 2600 946 2675 domesticis
968 2626 1059 2700 opus
1082 2602 1278 2675 celebraret
1303 2602 1394 2675 divi-

327 2737 438 2804 num,
463 2740 551 2806 non,
566 2730 608 2788 ut
626 2713 842 2814 quibusdam
855 2715 967 2787 moris
983 2729 1050 2810 est,
1065 2716 1194 2789 tacitus
1204 2714 1395 2815 psallentes

329 2828 518 2921 audiebat,
533 2829 596 2904 sed
610 2829 658 2903 ad
669 2828 894 2930 psallendum
909 2831 983 2929 ipse
993 2830 1048 2904 vel
1055 2830 1246 2929 legendum
1256 2855 1397 2930 semper

327 2961 407 3018 erat
427 2945 728 3045 promptissimus.
758 2944 937 3044 Quodque
961 2948 1088 3046 saepius
1107 2946 1143 3019 in
1167 2947 1229 3020 illo
1247 2947 1395 3020 miratus

327 3086 427 3154 sum,
441 3062 490 3135 ita
506 3086 742 3160 quaecumque
756 3062 793 3134 in
804 3061 994 3157 juventute
1010 3061 1200 3152 didicerat,
1224 3062 1394 3135 memori·

328 3191 387 3250 ter
399 3176 591 3269 retinebat,
606 3193 647 3250 ut
659 3176 696 3249 in
711 3177 811 3250 omni
820 3175 1018 3250 monastico
1027 3174 1148 3250 officio
1168 3201 1205 3250 se
1224 3175 1277 3248 illi
1294 3199 1394 3250 com-

327 3313 456 3389 parare
474 3315 582 3364 nemo
596 3290 749 3364 valeret:
765 3305 909 3390 putares
923 3287 1026 3362 illum
1042 3288 1090 3362 nil
1104 3288 1201 3362 aliud
1217 3289 1320 3380 scire,
1337 3291 1392 3362 ni-

329 3403 383 3478 bil
411 3422 539 3504 praeter
566 3407 632 3480 ista
655 3405 843 3498 didicisse;
860 3430 944 3479 cum
968 3406 1006 3479 in
1033 3405 1159 3478 studiis
1185 3404 1394 3480 liberalibus

327 3520 423 3595 adeo
443 3520 613 3610 valuerit,
640 3536 681 3595 ut
701 3521 747 3593 de
771 3520 874 3594 libris
901 3545 1174 3620 nonnumquam
1201 3518 1394 3594 dialecticis

329 3638 406 3711 sive
426 3637 617 3711 rhetoricis
634 3636 865 3710 subtilissime
880 3637 1082 3724 dissereret,
1110 3637 1247 3710 nedum
1270 3635 1317 3709 de
1342 3637 1395 3708 di-

329 3753 422 3825 vinis
433 3754 470 3826 in
485 3752 617 3851 quibus
632 3767 879 3826 consenuerat.
894 3757 984 3825 Nam
996 3753 1187 3850 Scripturae
1203 3748 1330 3823 divinae
1344 3750 1393 3822 ita

328 3883 407 3942 erat
414 3868 569 3941 lectione
579 3867 816 3968 plenissimus,
830 3882 880 3961 ut,
897 3867 1146 3966 undecumque
1155 3868 1393 3962 interrogatus

330 3985 464 4076 fuisset,
484 3999 649 4084 paratum
664 3983 813 4058 haberet
831 3999 1039 4084 competens
1062 3982 1197 4080 absque
1221 3980 1393 4054 dilatione

332 4125 557 4200 responsum.
572 4099 768 4174 Gentilium
780 4125 868 4175 vero
881 4115 1069 4200 poetarum
1080 4098 1128 4172 ob
1141 4113 1301 4172 tenacem
1313 4121 1389 4171 me·

329 4217 483 4290 moriam
504 4214 668 4289 oblivisci
682 4240 943 4315 usquequaque
954 4239 1027 4288 non
1044 4227 1197 4314 poterat,
1217 4229 1257 4288 ut
1271 4239 1390 4287 versus

328 4332 541 4407 Horatianos
556 4329 643 4404 utile
655 4330 792 4430 aliquid
802 4333 1027 4405 continentes
1042 4354 1154 4430 usque
1170 4329 1218 4404 ad
1229 4329 1386 4434 vicenos,

329 4474 419 4550 saepe
435 4447 602 4524 etiamad
617 4449 785 4540 tricenos,
807 4449 1014 4522 memoriter
1028 4446 1133 4522 nobis
1148 4447 1389 4521 recitarentur
