3742 5667
472 779 543 836 SUR
563 777 634 839 SON
653 780 972 842 tnttmtst'ttarton
988 782 1209 845 anstrum.
1315 788 1372 849 15³

488 1175 626 1227 SUGERII
642 1176 784 1229 nuans
800 1178 918 1230 SANC'l'l
936 1180 1087 1231 ntotttstt
1109 1180 1205 1231 amnt

719 1370 783 1437 DE
815 1370 968 1437 REBUS

345 1564 403 1631 IN
455 1510 933 1635 antsstttstttartottlt
977 1567 1070 1634 SUA
1114 1568 1328 1637 GESTIS¹.

352 1862 386 1933 I.
424 1862 527 1933 Anno
558 1858 877 1934 administrationis
903 1875 1033 1935 nostrae
1052 1861 1223 1935 vicesimo
1248 1862 1372 1959 tertio,

306 2000 395 2050 cum
403 1974 443 2047 in
452 1973 610 2075 capitulo
623 1974 791 2071 generali,
805 1974 963 2075 quadam
977 1975 1049 2069 die,
1060 1976 1279 2051 conferendo
1292 2004 1377 2052 cum

307 2090 482 2166 tratribus
503 2092 636 2165 nostris
652 2106 727 2165 tam
743 2091 789 2165 de
809 2090 1018 2165 hominibus
1039 2118 1150 2191 quam
1166 2094 1212 2167 de
1228 2095 1376 2195 privatis

309 2207 464 2305 negotiis
476 2208 767 2298 consederemus,
785 2208 896 2281 iidem
909 2207 1107 2283 charissimi
1119 2210 1245 2283 fratres
1261 2227 1296 2284 et
1312 2211 1377 2284 filii

309 2325 446 2399 obnixe
460 2326 498 2397 in
516 2324 688 2398 charitate
704 2323 904 2425 supplicare
929 2341 1129 2425 coeperunt,
1149 2352 1196 2399 ne
1219 2317 1384 2402 fructum⁸

312 2444 402 2516 tanti
430 2441 565 2515 laboris
598 2442 714 2515 nostri
751 2442 926 2542 praeteriri
954 2442 1094 2517 silentio
1128 2443 1339 2521 sustinerem
1364 2471 1375 2519 r

312 2559 427 2658 quin’
445 2558 567 2658 potius
588 2582 630 2632 ea
648 2582 728 2657 qtrae
750 2558 847 2656 larga
867 2560 933 2633 Dei
948 2559 1206 2659 omnipotentis
1229 2560 1374 2634 munifi-

315 2675 430 2748 centia
462 2675 665 2749 contulerat
696 2676 781 2749 huic
810 2676 966 2750 ecclesiae
997 2675 1212 2776 praelationis
1248 2691 1378 2752 nostrae

317 2807 480 2891 tempore
497 2792 739 2884 incrementa,
766 2794 905 2865 tamin
937 2816 1113 2865 novarum
1144 2792 1379 2891 acquisitione

318 2932 427 3006 quam
462 2908 501 2980 in
533 2908 744 2981 amissarum
777 2910 1067 3008 recuperatione,
1104 2906 1379 2981 emendatorum

320 3025 424 3097 etiam
469 3025 734 3124 possessionum
779 3024 1092 3125 multiplicatione,
1143 3022 1379 3097 aedificiorum

319 3142 587 3234 constitutione,
604 3141 697 3233 auri,
714 3142 862 3239 argenti,
882 3158 918 3215 et
929 3141 1267 3243 pretiosissimarum
1281 3165 1379 3238 gem-

320 3282 472 3351 marum,
490 3282 634 3331 necnon
651 3274 687 3332 et
702 3260 925 3360 optimorum
942 3258 1133 3360 palliorum
1145 3258 1377 3358 repositione,
1409 3253 1417 3262 “

322 3374 458 3447 calamo
477 3388 514 3447 et
536 3389 738 3450 atramento
754 3375 955 3475 posteritati
977 3376 1161 3448 memoriae
1182 3398 1377 3449 reservare.

322 3496 370 3563 Ex
383 3490 456 3564 hoc
482 3516 557 3565 uno
582 3491 689 3566 nobis
714 3491 788 3564 duo
817 3493 1121 3591 repromittentes,
1158 3491 1220 3564 tali
1254 3491 1380 3564 notitia

325 3607 470 3681 fratrum
493 3607 762 3681 succedentium
778 3610 944 3681 omnium
955 3609 1078 3706 jugem
1092 3608 1295 3680 orationum
1311 3632 1379 3705 pro

325 3724 433 3797 salute
455 3724 583 3797 anirnae
598 3740 727 3798 nostrae
751 3726 882 3797 mereri
897 3724 1117 3818 instantiam,
1144 3738 1181 3796 et
1202 3723 1297 3795 circa
1320 3747 1379 3795 ec·

325 3841 433 3914 clesiae
447 3841 515 3914 Dei
536 3842 676 3915 cultum
692 3842 763 3914 hoc
785 3840 950 3940 exemplo
967 3865 1094 3913 eorum
1116 3840 1269 3912 excitare
1287 3838 1381 3913 bene

326 3955 494 4031 zelantem
509 3957 799 4032 sollicitudinem.
818 3960 891 4029 Nos
908 3958 1016 4053 igitur
1032 3972 1104 4029 tam
1124 3956 1253 4029 devote
1271 3980 1382 4054 quam

327 4073 461 4148 devotis
472 4090 506 4148 et
522 4074 796 4149 rationabilibus
807 4098 935 4148 eorum
950 4074 1184 4174 petitionibus
1200 4096 1381 4146 assensum

365 4349 395 4405 l.
409 4349 474 4423 Quo
487 4344 572 4405 titulo
582 4348 661 4427 apud
671 4347 813 4408 editorem
825 4345 981 4408 chesnium
994 4344 1159 4405 inscribitur
1172 4343 1228 4403 boc
1243 4364 1327 4424 opus.
1342 4374 1383 4393 -·

330 4446 412 4502 Gesta
426 4446 560 4519 suggerit
579 4440 689 4500 obora
705 4440 818 4500 addidit
831 4439 861 4499 in
878 4439 978 4500 oodice
996 4442 1094 4499 {3835
1109 4457 1211 4497 manus
1226 4436 1381 4499 recentior.

368 4540 396 4595 2.
414 4537 491 4610 Quin
502 4534 545 4593 id.
558 4536 626 4595 eod.
639 4555 693 4595 ms.
708 4569 748 4582 -
759 4540 836 4611 Qnta
849 4536 919 4602 edit,
933 4535 1052 4607 Chesn„
1065 4534 1115 4595 sed
1128 4534 1213 4597 male.
