3742 5667
452 784 525 843 stttt
553 784 624 843 SON
644 782 967 842 aottttttsttttnort
988 786 1206 846 attentatu.
1291 791 1346 847 sot

282 918 551 1017 compositione
583 918 618 990 in
650 918 817 991 anteriori
847 932 950 1016 parte
978 915 1135 992 locatum
1160 920 1350 997 brachium

288 1036 411 1107 sancti
430 1032 554 1106 lacobi
572 1034 744 1133 apostoli,
761 1032 919 1133 idipsum
938 1032 1066 1106 litteris
1082 1035 1232 1113 interius
1245 1053 1352 1112 attes-

284 1150 462 1237 tantibus,
478 1151 600 1249 pervia
621 1148 1018 1223 candidissimicristalli
1033 1151 1217 1249 apertione
1234 1152 1354 1227 crede·

283 1266 410 1340 batur.
433 1270 506 1340 Nec
520 1266 640 1339 miuus
650 1267 687 1337 in
705 1264 849 1337 dextera
863 1280 963 1364 parte
977 1265 1207 1340 uniformiter
1221 1268 1355 1342 littera-

285 1407 372 1456 rum
390 1382 630 1483 apparitione,
653 1381 844 1455 brachium
860 1382 1164 1482 prothomartyris
1183 1385 1353 1485 Stephani

282 1499 451 1591 recondi,
473 1500 512 1573 in
526 1500 668 1573 sinistra
685 1524 769 1572 vero
782 1524 883 1599 aeque
900 1501 1012 1573 sancti
1031 1502 1224 1574 Vincentii¹
1239 1503 1353 1575 levitae

284 1632 320 1689 et
338 1618 511 1714 martyris
528 1606 720 1689 brachium
745 1615 869 1689 titulus
885 1617 1035 1689 interius
1050 1616 1257 1717 perorabat.
1281 1622 1354 1690 Nos

282 1732 395 1829 igitur
412 1746 593 1805 tantarum
609 1746 734 1805 ettam
751 1748 957 1806 sanctarum
973 1732 1203 1831 reliquiarum
1216 1749 1355 1834 protec-

285 1851 387 1921 tione
404 1849 540 1921 muniri
564 1862 785 1947 appetentes,
808 1873 867 1920 eas
888 1847 1033 1940 videre,
1060 1873 1117 1920 eas
1136 1848 1351 1938 deosculari,

286 1964 315 2035 si
330 1966 413 2035 Deo
431 1963 623 2063 displicere
644 1988 718 2036 non
746 1964 926 2056 timerem,
955 1964 1215 2063 gratamissime
1239 1964 1354 2037 multo

287 2092 497 2176 temporum
515 2102 683 2178 processu
700 2077 873 2176 rapiebar.
892 2081 1086 2152 assumens
1102 2080 1266 2177 igiturex
1288 2079 1353 2153 de·

287 2194 436 2265 votione
463 2194 673 2280 audaciam,
700 2207 737 2267 et
764 2194 964 2291 antiquitati
990 2193 1167 2267 honorem
1195 2195 1354 2267 veritatis

287 2332 525 2403 conservans,
550 2308 701 2382 modum
722 2309 758 2381 e't
779 2308 877 2382 diem
899 2308 1089 2406 detegendi
1106 2312 1200 2410 ipsas
1215 2325 1353 2383 sanctas

287 2422 456 2522 reliquias
472 2424 658 2521 elegimus,
676 2426 911 2498 sacratissima
929 2424 1096 2498 videlicet
1110 2426 1169 2499 die
1185 2426 1353 2524 martyris

287 2540 479 2614 beatorum
500 2555 699 2638 martyrum
723 2540 958 2615 dominorum
978 2556 1199 2635 nostrorum,
1223 2556 1353 2614 octavo

288 2656 424 2729 scilicet
449 2655 531 2729 idus
552 2656 723 2729 octobris.
753 2657 909 2731 Aderant
929 2658 1108 2755 siquidem
1131 2657 1354 2731 diversarum

290 2772 559 2871 provinciarum
580 2772 844 2873 archiepiscopi
866 2789 902 2846 et
923 2774 1097 2873 episcopi,
1121 2773 1184 2869 qui
1210 2787 1351 2868 gratan-

290 2887 442 2974 tissime,
462 2890 563 2986 quasi
593 2913 636 2961 ex
661 2888 786 2962 debito
813 2890 1035 2987 apostolatus
1063 2888 1277 2981 Galliarum,
1306 2886 1354 2961 ad

291 3018 396 3075 tantae
423 3004 660 3076 solemnitatis
693 3002 972 3077 celebrationem
1007 3005 1066 3103 pia
1099 3019 1185 3077 vota
1213 3002 1355 3076 deferre

291 3134 539 3192 accesserant:
562 3118 819 3219 archiepiscopi
841 3119 974 3192 scilicet
1000 3120 1261 3216 Lugdunensis,
1287 3123 1353 3191 lle·

293 3236 439 3326 mensis,
463 3235 676 3307 Turonensis
695 3250 730 3308 et
752 3233 1068 3332 Rothomagensis3
1085 3236 1243 3334 episcopi
1267 3259 1354 3308 vero

292 3350 567 3443 suessionensis,
589 3350 824 3438 belvacensis,
851 3349 1353 3442 silvanectensis,h1eldensis,

294 3464 527 3557 badonensis,
546 3466 718 3538 aletensis
746 3480 782 3537 et
807 3466 1029 3556 venetensis3
1056 3463 1228 3538 abbatum
1247 3465 1356 3536 etiam

293 3596 327 3653 et
345 3581 627 3674 monachorum,
658 3582 733 3655 sive
758 3580 988 3674 clericorum,
1006 3593 1114 3678 atque
1133 3580 1350 3679 optimatum

292 3711 515 3790 conventus;
533 3698 595 3770 sed
612 3712 647 3771 et
660 3698 784 3797 populi
800 3697 997 3796 promiscui
1013 3720 1116 3769 sexus
1130 3696 1237 3769 turba
1250 3696 1356 3767 in'nu-

292 3812 483 3885 merabilis.
507 3816 699 3885 Decantata
725 3814 847 3910 igitur,
871 3812 998 3885 eadem
1021 3811 1256 3884 solemnitatis
1281 3810 1354 3901 die,

291 3928 420 4016 Tertia,
448 3952 533 4002 curn
551 3929 627 4026 jam
649 3930 688 4001 iu
716 3943 910 4028 conspectu
929 3928 1092 4001 omnium
1117 3926 1357 3999 assistentium

292 4042 524 4116 celeberrima
547 4058 653 4117 tanta
677 4044 749 4117 diei
775 4045 1003 4118 ordinaretur
1033 4042 1227 4143 processio,
1259 4055 1358 4113 tanta

293 4163 416 4231 certae¹
433 4162 485 4231 rei
502 4160 656 4232 veritatis
673 4160 816 4253 fiducia,
839 4161 916 4233 solo
935 4174 1080 4259 patrum
1099 4158 1304 4231 testimonio
1322 4169 1359 4227 et

298 4274 404 4345 titulo
425 4273 560 4367 referti,
579 4300 621 4347 ac
635 4278 663 4347 si
676 4276 753 4373 jam
771 4280 894 4349 omnia
920 4275 1156 4370 vidissemus,
1182 4271 1359 4370 archiepi-

335 4508 348 4565 l
381 4510 512 4566 Vincenti
523 4507 589 4567 cod.
604 4526 658 4569 ms.
669 4542 709 4553 -
724 4512 754 4573 2.
771 4510 853 4568 Certe
864 4508 933 4568 edit.
950 4508 1055 4567 Chesn.
