3742 5667
504 800 563 857 aes
721 798 884 856 mutnus
903 781 1117 856 courmrss
1137 799 1188 854 nn
1207 799 1342 858 sucas.

502 951 648 1000 suarum
663 928 865 1022 animarum
879 927 1078 1026 periculum
1090 927 1290 1018 incurrunt,
1308 955 1436 1002 vemm
1455 928 1567 1004 etiam

502 1042 567 1128 illi,
599 1043 663 1142 qui
685 1043 786 1140 quasi
812 1043 893 1140 jure
918 1043 1034 1142 patrio
1061 1041 1228 1143 deinceps
1254 1043 1329 1116 illas
1355 1045 1565 1134 retinentes,

502 1159 620 1244 donec
639 1173 758 1231 morte
779 1159 1053 1257 praeveniantur,
1075 1159 1258 1258 possidere
1282 1162 1430 1234 minime
1450 1161 1566 1234 desis·

503 1291 595 1349 tunt.
615 1280 842 1374 Quapropter
862 1300 928 1371 ego
947 1276 1126 1372 Sugerius,
1144 1277 1210 1348 Dei
1227 1278 1461 1375 permissione
1481 1303 1564 1350 mo-

502 1391 645 1464 nasterii
672 1392 791 1464 Sancti
805 1391 968 1487 Dionysii
993 1390 1038 1463 de
1068 1391 1182 1462 Gallia.
1208 1393 1371 1466 minister
1393 1408 1429 1465 et
1450 1393 1566 1467 abbas

502 1507 683 1602 indignus,
695 1531 787 1605 saepe
807 1520 951 1602 rogatus
972 1531 992 1577 a
1008 1505 1156 1580 Mathaeo
1178 1510 1392 1604 cognomine
1407 1508 1564 1582 Pulchro

502 1622 603 1720 quod
613 1622 703 1695 duas
714 1636 832 1722 partes
845 1620 992 1695 decimae
1006 1620 1053 1694 de
1062 1625 1191 1696 Sancto
1200 1623 1366 1716 Brictio',
1382 1649 1470 1723 quus
1486 1625 1564 1724 ipsc

503 1738 646 1811 tenebat
665 1740 702 1810 in
720 1737 828 1810 feodo
841 1736 889 1810 de
903 1739 1033 1810 Sancto
1047 1738 1233 1837 Dionysio,
1254 1743 1386 1813 Sancto
1407 1742 1563 1812 Martino

503 1852 549 1927 de
574 1854 716 1952 Campis
754 1853 928 1926 tenendas
970 1867 1005 1924 et
1036 1853 1266 1952 possidendas
1297 1853 1559 1944 concederem,

503 1970 703 2042 cumomni
721 1970 878 2069 capitulo
897 1985 1023 2042 nostro
1045 1969 1198 2066 benigne
1218 1973 1391 2045 concessi.
1411 1976 1453 2043 In
1473 1995 1564 2070 prae-

503 2087 617 2158 sentia
634 2083 813 2183 siquidem
853 2101 977 2159 nostra
1018 2088 1199 2185 totiusque
1245 2087 1399 2185 Capituli
1431 2087 1559 2178 nostri,

500 2200 668 2299 praelatus
702 2200 872 2275 Mathaeus
904 2201 1111 2300 praedictam
1142 2201 1320 2275 decimam
1351 2203 1397 2276 de
1431 2205 1562 2274 Sancto

504 2317 634 2389 Brictio
668 2316 793 2390 domui
829 2318 950 2389 Sancti
971 2318 1112 2392 Martini
1125 2316 1171 2390 de
1193 2319 1337 2416 Campis
1365 2319 1560 2404 concessit,

503 2431 608 2505 nobis
623 2431 776 2505 libenter
798 2447 835 2505 et
855 2432 1068 2525 amabiliter,
1088 2448 1237 2532 propter
1259 2435 1456 2506 maximum
1471 2433 1564 2505 inter

503 2570 570 2618 nos
587 2546 755 2643 illamque
768 2545 919 2619 domum
934 2564 1068 2620 mutuae
1086 2547 1285 2619 dilectionis
1306 2547 1488 2638 allectum,
1506 2569 1562 2616 as-

502 2687 646 2734 sensum
656 2660 1561 2762 praebentibus,etaetaereitestimoniumperhiben·

504 2777 612 2854 tibus.
627 2778 817 2852 diluerunt
833 2779 942 2851 etiam
962 2778 1190 2878 quamplures
1205 2779 1265 2851 alii
1281 2779 1564 2852 confirmationis

502 2893 609 2990 hujus
624 2909 731 2967 testes
746 2893 879 2986 idonei,
894 2920 1049 2993 quorum
1069 2895 1216 2968 nomina
1231 2894 1429 2994 subscripta
1442 2910 1537 2968 sunt.

553 3009 716 3083 Clemens
743 3009 899 3083 decanus
935 3010 1090 3084 ecclesiae
1125 3011 1339 3084 Parisiensis.
1368 3015 1563 3084 Wcrmun-

503 3125 571 3200 dus
592 3125 875 3200 archidiaconus.
900 3126 1064 3200 dlhertus
1096 3142 1305 3227 precentor.
1331 3131 1436 3224 Hugo
1460 3131 1562 3198 Atra·

502 3241 657 3314 batensis
679 3243 965 3316 archidiaconus.
985 3243 1168 3342 Philippus
1184 3243 1294 3316 frater
1307 3244 1412 3338 regis.
1433 3241 1563 3314 Nevelo

503 3382 588 3430 situs
602 3359 782 3454 magister.
799 3357 993 3432 Walterius
1009 3357 1102 3432 lilius
1124 3359 1353 3455 Mainburgis.
1373 3357 1565 3432 Herluinus

503 3477 709 3550 canonieus.
734 3477 857 3549 Simon
886 3499 999 3573 nepos
1028 3474 1179 3549 abbatis.
1202 3476 1373 3548 Mathaeus
1393 3473 1564 3546 dominus

503 3589 550 3662 de
574 3595 696 3664 Monte
707 3593 946 3665 Morenciaeo.
971 3592 1122 3664 Ruricus
1141 3591 1187 3665 de
1202 3589 1349 3665 Andilli.
1376 3588 1496 3662 Guido
1513 3587 1558 3662 de

504 3707 646 3780 Groela.
666 3708 843 3780 Gnlterius
856 3706 901 3779 de
913 3707 1010 3779 Aine.
1024 3709 1177 3780 loannes
1195 3707 1242 3780 de
1254 3705 1410 3780 Vinecel.
1431 3703 1563 3800 Philip-

503 3849 571 3924 pus
579 3825 689 3898 frater
701 3827 790 3926 ejus.
802 3824 994 3898 Godardus
1013 3823 1058 3898 dc
1079 3829 1208 3900 Sancto
1233 3824 1376 3898 Brictio.
1396 3821 1563 3895 Amulius

503 3941 550 4014 de
588 3947 699 4016 Hora.
736 3943 917 4015 lohannes
954 3941 999 4014 de
1037 3945 1208 4016 Gonessa.
1239 3942 1398 4015 Tetricus
1433 3939 1558 4036 major.

509 4057 685 4130 Evrnldus
708 4057 949 4157 hospitarius.
976 4058 1151 4130 Henricus
1177 4057 1368 4132 vinearius.
1394 4057 1563 4153 ligerius.

507 4173 682 4246 Evrardus
698 4173 863 4246 famulus.

544 4443 573 4498 l.
594 4441 678 4499 Nunc
690 4437 776 4500 etiam
790 4442 974 4500 Satn-aruc
988 4435 1234 4520 (miscet-Otto),
1247 4437 1330 4520 juxti
1346 4439 1483 4498 Sanctum
1495 4437 1565 4498 Dio-

504 4551 629 4608 nysrum.
