3742 5667
513 730 572 787 aaa
732 726 898 787 oauvaus
919 710 1136 787 conpatres
1157 730 1209 787 nu
1228 726 1362 789 suurn

512 857 722 932 custodibus
738 874 775 932 et
790 860 940 933 aliarum
959 860 1129 934 silvarum
1139 862 1276 960 peritis,
1288 861 1492 960 adjurando
1510 860 1594 935 fide

512 991 548 1048 et
571 991 793 1049 sacramento
814 1001 876 1050 eos
892 976 1150 1071 consuluimus,
1171 978 1201 1050 si
1220 978 1298 1077 ejus
1315 1004 1495 1053 mensurae
1510 977 1592 1051 ibi-

511 1090 595 1164 dem
615 1092 736 1165 trabes
760 1093 924 1166 invenire
940 1118 1173 1192 quocumque
1202 1094 1328 1168 labore
1358 1096 1588 1171 valeremus.

511 1210 583 1311 Qui
601 1208 838 1301 subridentes,
850 1210 880 1281 si
896 1209 1085 1304 auderent,
1097 1210 1217 1309 potius
1230 1210 1451 1305 deridereut3
1461 1211 1590 1284 admi·

511 1340 630 1398 rantes
645 1328 675 1399 si
692 1350 758 1398 nos
776 1325 882 1425 plane
896 1326 1116 1399 nesciremus
1132 1326 1170 1398 in
1190 1342 1266 1401 tota
1282 1344 1378 1402 terra
1399 1328 1494 1402 nihil
1508 1328 1590 1401 tale

510 1442 663 1515 inveniri
676 1466 794 1541 posse,
809 1442 965 1514 maxime
978 1468 1063 1514 cum
1079 1442 1179 1514 uit0¹
1193 1445 1438 1544 Capreolensis
1446 1445 1588 1518 castel-

509 1554 613 1629 lanus
626 1558 740 1631 horno
756 1574 892 1651 noster,
901 1561 966 1658 qui
977 1558 1209 1633 medietatem
1224 1558 1353 1634 silvaea
1368 1560 1475 1635 nobis
1492 1585 1587 1633 cum

510 1672 582 1746 alio
600 1674 710 1747 feodo
725 1674 848 1764 habet,
865 1700 950 1748 cum
963 1676 1272 1749 sustinuissettam
1288 1700 1311 1750 a
1326 1676 1480 1750 domino
1494 1699 1587 1773 rege

510 1814 620 1888 quam
652 1790 698 1863 ab
727 1792 903 1865 amalrico
933 1790 980 1864 de
1005 1794 1127 1865 Monte
1151 1796 1251 1867 Forti
1279 1794 1389 1891 longo
1413 1810 1585 1892 tempore

510 1930 676 2002 guerras,
700 1909 747 1982 ad
763 1908 926 2004 tristegas
948 1924 985 1981 et
1006 1910 1276 2009 propugnacula
1297 1910 1462 1984 facienda
1487 1909 1584 1981 nihil

509 2022 578 2096 tale
604 2024 784 2099 illibatum
812 2024 869 2098 vel
896 2026 1073 2097 intactum
1099 2026 1334 2125 praeteriisset.
1359 2030 1432 2098 Nos
1451 2040 1584 2098 autem

508 2140 682 2238 quicquid
702 2141 870 2215 dicebant
894 2157 1118 2240 respuentes,
1150 2140 1307 2239 quadam
1339 2140 1423 2215 fidei
1445 2156 1583 2215 nostrae

507 2255 656 2329 audacia
664 2257 790 2330 silvam
803 2256 1022 2357 perlustrare
1037 2257 1224 2356 coepimus,
1243 2273 1279 2330 et
1292 2282 1416 2331 versus
1425 2258 1583 2355 quidem

506 2374 663 2471 primam
684 2374 812 2448 horam
832 2372 974 2446 trabem
1000 2398 1112 2453 unam
1138 2398 1314 2449 mensurae
1335 2373 1581 2447 sufficientem

508 2490 722 2567 invenimus.
735 2490 832 2580 Quid
849 2491 965 2563 ultra?
979 2516 1094 2589 usque
1109 2491 1155 2564 ad
1169 2518 1305 2566 nonam
1325 2508 1388 2567 aut
1397 2492 1506 2566 citius
1515 2518 1583 2593 per

508 2605 652 2697 fruteta,
670 2632 736 2707 per
750 2607 965 2707 opacitatem
983 2607 1166 2697 silvarum,
1192 2632 1257 2706 per
1272 2608 1491 2681 densitatem
1511 2609 1581 2707 spi-

507 2746 652 2816 narum,
670 2722 863 2795 duodecim
880 2722 1000 2795 trabes
1018 2722 1092 2821 (tot
1111 2724 1208 2795 enim
1225 2726 1432 2798 necessariae
1447 2723 1575 2822 erant)

507 2838 544 2909 in
562 2838 838 2912 admirationem
856 2839 1022 2912 omnium
1043 2842 1241 2938 prasertim
1263 2841 1579 2915 circumstantium

507 2955 774 3051 assignavimus,
789 2954 881 3028 etad
895 2955 1080 3029 basilicam
1095 2971 1256 3029 sanctam
1270 2957 1479 3057 deportatas
1491 2982 1578 3029 cum

507 3062 723 3145 exultatione
744 3072 830 3145 novi
848 3072 967 3171 operis
988 3087 1167 3172 operturae
1182 3076 1380 3173 superponi
1408 3074 1573 3164 fecimus,

506 3186 555 3260 ad
578 3185 725 3260 laudem
754 3203 789 3261 et
814 3187 965 3285 gloriam
992 3189 1140 3261 Domini
1165 3194 1263 3281 Jesu,
1288 3177 1352 3287 qui
1374 3190 1444 3263 sibi
1471 3216 1575 3262 sanc-

506 3303 622 3401 tisque
653 3304 882 3401 Martyribus,
905 3328 927 3376 a
954 3304 1123 3377 manibus
1153 3320 1343 3403 raptorum
1366 3321 1572 3404 protegens,

505 3418 597 3491 sicut
610 3419 726 3493 faeere
741 3420 870 3507 voluit,
888 3434 1142 3493 reservaverat.
1164 3424 1238 3493 Nec
1256 3421 1365 3517 igitur
1377 3420 1572 3521 superflua,

505 3558 623 3632 neque
636 3536 755 3608 minus
771 3535 960 3608 continens
978 3534 1017 3608 id
1032 3537 1127 3608 circa
1142 3535 1266 3608 divina
1281 3536 1399 3610 extitit
1415 3536 1570 3634 largitio,

505 3670 585 3743 quae
602 3646 640 3717 iu
663 3646 824 3746 pondere
847 3662 883 3719 et
909 3670 1080 3719 mensura
1102 3648 1226 3719 omnia
1239 3648 1436 3740 moderari,
1449 3647 1573 3721 omnia

505 3760 591 3834 dare
606 3762 805 3855 constituit,
829 3786 914 3834 cum
940 3762 1163 3860 ultraquam
1190 3764 1352 3863 oportuit
1367 3762 1466 3836 nulla
1479 3762 1571 3836 ulte·

504 3878 581 3950 rius
594 3878 755 3950 iuvenire
772 3876 947 3976 potuerit.

553 3997 613 4068 IV.
634 3996 752 4066 Tantis
774 3994 895 4091 itaque
917 4005 1045 4066 ettam
1060 3993 1256 4068 manifestis
1279 4008 1465 4069 tantorum
1487 4020 1570 4095 ope

545 4289 574 4345 l.
588 4282 658 4344 Milo
676 4285 713 4345 de
732 4282 829 4357 Braio,
848 4284 935 4345 irater
950 4282 1093 4344 Gnidonis
1109 4284 1259 4359 Trussclli,
1279 4283 1392 4345 domini
1412 4284 1449 4346 de
1468 4288 1566 4345 Monte

503 4376 654 4450 Leherico,
676 4377 712 4437 de
738 4376 842 4456 quibus
870 4376 1007 4458 sugerius
1034 4376 1163 4458 loquitur
1188 4378 1220 4439 in
1247 4378 1313 4439 Vita
1338 4377 1479 4439 Ludorici
1507 4381 1565 4451 vt,

504 4474 649 4551 supritsp.
666 4474 717 4546 Ἧι,
734 4474 785 4533 26.
987 4480 990 4483 ’
1117 4493 1122 4511 ‘
