3742 5667
819 1305 851 1381 V

480 1526 780 1704 omasus
818 1597 901 1700 ns
948 1597 1178 1705 suasa.

327 2011 354 2061 1.
389 2011 438 2060 un
470 2010 665 2062 mutunus
693 2009 804 2060 vm
831 2008 932 2059 auam
964 2011 1116 2062 moutsu
1146 2011 1325 2064 menum

728 2121 889 2173 saanms
899 2101 922 2170 ¹.

298 2393 388 2466 teger
402 2389 562 2466 affrauclu't
577 2389 614 2446 de
626 2392 657 2446 la
670 2391 812 2447 servitude
824 2391 861 2447 de
878 2392 910 2448 la
922 2394 1108 2448 neuin-morte
1117 2393 1159 2448 les
1169 2388 1313 2450 habitatus
1324 2393 1361 2449 de

335 2484 366 2537 lu
377 2483 445 2538 ville
456 2482 494 2538 de
511 2479 702 2540 satae-Deae
717 2495 746 2539 et
764 2483 902 2540 certatiscs
920 2483 1047 2559 samilles
1064 2484 1104 2540 du
1118 2480 1249 2562 bourgde
1264 2485 1362 2545 Saint-

334 2577 463 2645 Marcel,
476 2588 645 2647 moyemsaut
660 2578 690 2633 la
701 2594 806 2634 somme
818 2578 856 2634 de
867 2577 946 2634 deux
956 2589 1034 2634 cents
1046 2579 1140 2652 lieres,
1149 2580 1222 2654 qu't'l
1229 2597 1360 2636 consuere

334 2669 354 2726 ἁ
366 2680 513 2726 restauret
524 2670 642 2727 Pentree
651 2671 690 2727 de
699 2667 842 2744 tabbaye.

777 2829 881 2911 (taes)

344 3060 385 3126 ln
400 3054 549 3128 nomine
563 3069 693 3127 sanctae
704 3069 740 3126 et
752 3051 947 3127 individuae
958 3053 1151 3128 Trinitatis,
1162 3057 1237 3151 Ego
1251 3057 1360 3153 Suge-

298 3170 383 3265 rius,
395 3169 553 3243 ecclesiae
562 3170 659 3243 Beati
667 3170 830 3268 Dionysii
837 3169 983 3243 humilis
995 3171 1168 3244 minister.
1180 3173 1360 3260 Quoniam

297 3287 512 3387 parvitatem
519 3301 680 3360 nostram
691 3286 739 3360 ad
751 3286 1102 3362 administrationem
1114 3287 1270 3362 ecclesiae
1288 3289 1360 3385 glo-

298 3403 577 3488 riosissimorum
600 3419 802 3502 martyrum
823 3403 1000 3502 Dionysii,
1026 3404 1170 3478 Rusu'ci·
1191 3419 1228 3476 et
1255 3403 1360 3477 Eleu-

297 3519 402 3593 therii
426 3519 556 3594 divinae
580 3519 715 3618 placuit
740 3520 966 3620 dispositioni
992 3545 1221 3620 promovere,
1249 3519 1360 3594 debe·

298 3661 377 3708 mus
403 3651 439 3709 et
463 3635 643 3728 volumus,
667 3652 844 3736 quantum
865 3635 1039 3729 valemus,
1057 3652 1098 3710 ut
1118 3635 1268 3732 dignum
1293 3647 1359 3726 est,

299 3751 413 3826 filialis
421 3753 553 3827 affectu
562 3750 945 3852 devotionis,ejusdem
952 3754 1079 3826 matris
1091 3767 1222 3826 nostrae
1231 3752 1360 3826 honori

298 3893 339 3942 ac
355 3868 513 3943 libertati
528 3868 565 3940 in
585 3869 756 3942 omnibus
774 3869 978 3969 providere.
997 3869 1100 3945 Unde
1113 3885 1188 3942 tam
1206 3891 1361 3972 praesen·

300 3987 389 4060 tium
403 3988 498 4060 aetati
512 4013 624 4086 quam
637 3988 844 4060 futurorum
859 3985 1059 4085 posteritati
1073 3983 1192 4084 palam
1208 3985 1286 4058 fieti
1302 4011 1364 4059 vo-

302 4099 421 4174 lumus
437 4104 613 4202 quoniam
636 4100 810 4203 oppidani
842 4116 879 4174 et
899 4101 1133 4174 mansionarii
1154 4099 1245 4174 viltae
1266 4103 1363 4176 Beati

300 4219 458 4318 Dionysii
487 4221 534 4298 de
562 4221 748 4296 exactione
775 4218 1046 4294 consuetudinis
1073 4219 1258 4319 pessimae,
1283 4243 1363 4320 quae

344 4501 373 4563 1.
386 4504 430 4558 De
442 4505 530 4560 servis
541 4499 671 4560 libertati
682 4503 800 4560 traditis
810 4497 841 4560 iu
853 4497 1032 4566 chartulatio
1045 4497 1143 4563 Sancti
1155 4499 1300 4581 Dionysii.
