3742 5667
465 869 503 924 n
678 856 835 922 mutnus
856 821 1088 922 emitteres
1108 865 1158 921 un
1178 863 1314 924 socna.

466 999 615 1086 tionem,
635 1010 670 1067 et
686 994 796 1068 modo
812 990 1040 1087 florentium,
1059 996 1171 1069 modo
1189 998 1383 1071 virentium
1401 1003 1529 1096 grami-

466 1137 556 1186 num
572 1111 760 1186 obtutibus
772 1128 809 1185 et
827 1106 954 1184 fonnis
970 1111 1197 1184 exhilaratam
1213 1113 1343 1186 offerat
1360 1114 1529 1188 clarifica-

467 1230 623 1319 tionem,
659 1230 788 1302 amnis¹
819 1228 928 1300 etiam
964 1229 1261 1302 circumclusione
1296 1231 1531 1304 existentibus

468 1346 703 1418 securitatem.
722 1349 823 1416 Hanc
836 1345 945 1440 igitur
958 1343 1127 1416 dominus
1145 1344 1361 1437 Ludovicus,
1379 1347 1529 1420 classem

469 1485 682 1562 preparans,
705 1459 851 1556 aggredi
883 1462 1066 1552 maturat¹,
1095 1459 1272 1557 quosdam
1304 1461 1459 1535 militum
1492 1478 1529 1536 et

468 1579 602 1651 multos
627 1576 803 1675 peditum,
821 1590 862 1648 ut
888 1575 1085 1674 expeditius
1109 1575 1242 1668 ineant,
1271 1591 1321 1666 et,
1347 1578 1377 1648 si
1399 1577 1530 1650 cadere

468 1695 663 1790 contingat,
693 1694 798 1764 citius
828 1691 998 1783 resiliant,
1027 1690 1206 1784 denudat;
1237 1691 1326 1766 alios
1352 1717 1439 1766 vero
1462 1717 1528 1764 na-

468 1809 592 1901 tando,
621 1809 710 1882 alios
732 1808 814 1881 licet
841 1808 1039 1907 periculose
1065 1832 1242 1906 aquarum
1265 1808 1448 1906 profundo
1473 1824 1530 1880 ut·

466 1950 621 2024 cumque
643 1924 850 2022 equitando,
873 1927 1026 2026 ipsemet
1044 1923 1179 1996 flumen
1198 1924 1399 2021 ingrediens
1414 1923 1526 1996 auda-

466 2042 555 2113 citer
584 2041 738 2113 insulam
769 2065 944 2138 occupare
971 2041 1137 2138 imperat.
1171 2040 1352 2138 Oppidani
1385 2039 1528 2111 fortiter

466 2158 647 2248 resistunt,
678 2171 713 2228 et
743 2158 821 2254 ripa
845 2155 959 2228 ardua
980 2155 1135 2246 altiores,
1163 2154 1331 2228 fluctibus
1353 2169 1389 2227 et
1412 2157 1526 2226 classe

466 2272 664 2366 inferiores,
687 2273 790 2364 saxis,
816 2271 960 2362 lanceis,
983 2271 1104 2344 sedet
1124 2271 1274 2344 sudibus
1295 2271 1386 2344 dure
1413 2270 1530 2369 repel-

465 2389 556 2461 lunt.
584 2391 719 2460 Verum
734 2387 882 2486 repulsi,
900 2388 1012 2458 animi
1031 2402 1134 2459 motu
1150 2387 1373 2459 animositate
1391 2410 1532 2458 resum-

467 2521 540 2604 pta,
559 2504 770 2602 repellentes
778 2503 950 2602 repellere
966 2503 1146 2593 insistunt,
1162 2503 1362 2576 balistarios
1377 2519 1414 2575 et
1429 2503 1534 2598 sagit·

466 2622 575 2694 tarios
587 2622 706 2718 jacere
724 2619 969 2720 compellunt,
989 2619 1212 2710 manualiter,
1231 2634 1339 2719 prout
1357 2623 1532 2716 attingere

467 2751 631 2837 possunt,
650 2737 864 2836 confligunt,
883 2737 1024 2808 loricati
1040 2751 1076 2809 et
1091 2737 1218 2832 galeati
1234 2735 1280 2808 de
1293 2737 1420 2827 classe,
1433 2735 1530 2834 pira-

467 2869 586 2927 tarum
615 2880 735 2948 more,
770 2854 1004 2927 audacissime
1031 2856 1285 2948 committunt,
1318 2851 1531 2952 repellentes

469 2971 659 3070 repellunt,
675 2985 723 3063 et,
739 2985 779 3043 ut
792 2971 978 3043 consuevit
995 2970 1108 3042 virtus
1121 2971 1309 3043 dedecoris
1325 2968 1529 3067 impatiens,

468 3101 679 3186 occupatam
712 3087 819 3157 armis
850 3086 1004 3159 insulam
1028 3086 1226 3185 recipiunt,
1266 3109 1399 3182 eosque
1425 3109 1463 3155 se
1492 3085 1532 3154 iu

469 3219 584 3276 castro
607 3202 781 3275 coercitos
803 3202 962 3301 recipere
987 3203 1220 3300 compellunt.
1246 3204 1345 3290 Quos
1366 3225 1451 3272 cum
1470 3199 1534 3271 ali-

469 3319 675 3418 quantisper
690 3321 805 3390 arcto⁸
818 3317 982 3391 obsessos
1003 3317 1050 3389 ad
1067 3318 1289 3391 deditionem
1310 3341 1437 3414 cogere
1455 3341 1530 3387 non

468 3435 614 3526 valeret,
633 3434 823 3533 impatiens
843 3456 1041 3524 morarum,
1059 3433 1216 3532 quadam
1234 3433 1293 3505 die
1308 3433 1534 3505 animositate

469 3550 619 3649 rapitur,
637 3551 834 3622 exercitum
850 3550 958 3646 cogit,
972 3566 1130 3622 castrum
1144 3549 1424 3621 munitissimum
1436 3546 1533 3622 vallo

469 3682 567 3739 arcto
599 3681 635 3737 et
666 3666 795 3762 rigido,
830 3667 994 3765 superius
1026 3667 1165 3763 glande,
1191 3665 1340 3738 insenius
1362 3663 1534 3736 torrentis

468 3781 712 3881 profunditate
728 3806 820 3881 pene
835 3783 1118 3882 inexpugnabili,
1137 3783 1342 3880 aggreditur
1355 3809 1363 3853 ε
1375 3805 1440 3880 per
1455 3796 1532 3853 tor-

469 3916 610 3974 rentem
629 3925 741 3998 usque
762 3901 807 3972 ad
826 3900 988 3973 balteum
1010 3902 1181 3974 fossatum
1199 3898 1456 3989 conscendens,
1485 3897 1532 3970 ad

413 4125 416 4132 ¹
469 4018 634 4115 glandem
650 4017 847 4109 contendit,
865 4042 1024 4117 pugnare
1045 4018 1239 4116 pugnando
1256 4018 1420 4115 imperat,
1448 4039 1529 4110 gra·

509 4315 541 4372 1.
563 4319 668 4385 Annis,
681 4313 732 4374 ted
745 4315 896 4385 mendose,
912 4317 982 4390 543,
996 4316 1107 4387 12110,
1120 4314 1210 4386 5915,
1226 4316 1317 4376 6165.

510 4407 542 4467 2.
562 4409 744 4478 nuncubi,
754 4420 820 4486 post
831 4428 957 4468 mensem
969 4409 1096 4482 maium;
1111 4409 1201 4480 tttt,
1211 4407 1368 4466 secundum
1378 4403 1513 4464 Gnillelrn

470 4503 563 4578 Nang.
580 4501 623 4560 Ci.
644 4499 730 4562 etiam
746 4502 817 4563 Ord.
832 4501 930 4583 viat,
947 4516 1017 4563 tom.
1030 4506 1069 4562 lV
1083 4522 1166 4561 novae
1181 4499 1263 4574 edit,
1276 4521 1308 4580 p.
1323 4501 1396 4558 289.

513 4595 541 4650 3.
555 4597 637 4670 Ario,
652 4613 707 4672 pro
721 4607 809 4669 arete,
825 4613 926 4655 omnes
942 4596 1028 4656 codd.
1043 4607 1072 4655 et
1085 4594 1153 4657 edd.
