3742 5667
476 763 513 818 oo
680 749 841 815 moraes
864 734 1087 813 CotttPLETEs
1107 754 1156 810 na
1178 754 1311 811 socan.

476 888 683 963 Theobaldo
699 905 736 961 et
750 879 965 979 Briensibus,
983 901 1019 959 et
1030 885 1193 957 Trecensi
1205 898 1332 983 patruo
1343 886 1483 979 Hugoni
1500 901 1537 958 et

478 1006 722 1095 Trecensibus‚
743 1019 869 1077 contra
885 1003 1097 1076 Parisienses
1109 1014 1144 1073 et
1155 1000 1434 1073 silvanectenses
1447 1000 1537 1071 citra

480 1125 694 1220 Sequanam,
714 1120 839 1192 Miloni
851 1119 945 1191 ultra
965 1116 1106 1218 patulus
1122 1116 1281 1216 aperitur
1296 1140 1468 1207 accessus,
1481 1141 1540 1187 su-

479 1238 635 1336 bripitur
663 1236 783 1335 patriae
809 1234 855 1306 ab
881 1234 951 1307 alio
974 1233 1051 1305 aliis
1078 1231 1260 1327 suffragari
1278 1258 1286 1304 :
1304 1232 1478 1329 similiter
1502 1248 1539 1305 et

480 1349 809 1441 Aurelianensibus,
850 1375 934 1421 cum
972 1352 1231 1437 carnotenses,
1277 1350 1463 1419 Dunenses
1502 1363 1540 1420 et

482 1468 652 1557 Brienses,
668 1464 838 1561 suffragio
847 1464 987 1539 Radulfi
1001 1462 1297 1560 Balgenciacensis
1310 1462 1411 1535 nullo
1424 1488 1542 1562 oppo-

481 1586 562 1675 sito,
596 1582 810 1656 arcebantur
829 1585 850 1652 ¹.
883 1584 955 1653 Rex
985 1604 1069 1667 vero
1092 1578 1218 1677 saepius
1249 1603 1355 1678 supra
1390 1577 1538 1651 dorsum

482 1725 610 1772 eorum
623 1697 820 1772 fabricabat
831 1725 839 1768 :
850 1697 909 1770 cui
923 1721 990 1768 nec
1002 1694 1130 1791 Angliae
1140 1718 1205 1767 nec
1215 1695 1415 1767 Normaniae
1428 1719 1541 1794 opum

483 1816 643 1915 profusio
658 1814 841 1914 parcebat,
852 1837 936 1885 cum
945 1810 1163 1907 inclytusrex
1175 1811 1349 1883 ilenricus
1358 1824 1434 1883 toto
1444 1812 1540 1902 nisu,

486 1946 695 2029 totaopera,
715 1944 846 2002 terram
870 1928 946 2026 ejus
968 1926 1218 2025 impugnabat3
1243 1928 1306 2024 qui
1322 1941 1462 1999 tantum
1488 1926 1543 1997 lris

487 2046 761 2144 percellebatur,
782 2058 972 2141 quantum

773 2238 803 2298 si
817 2237 935 2296 flumina
950 2252 1053 2299 cuncta
1067 2238 1215 2299 minentur

773 2335 876 2416 pelago
891 2335 1051 2397 subducere
1067 2338 1158 2397 fontes
1164 2338 1184 2401 ².

537 2498 629 2567 XIX,
655 2498 795 2566 Interea
813 2495 963 2591 contigit
977 2494 1151 2569 decedere
1167 2495 1460 2569 Curboilensem⁸
1485 2522 1548 2571 co-

488 2612 614 2683 mitem
634 2609 814 2699 Odonem,
835 2609 1022 2682 hominem
1051 2637 1124 2684 non
1148 2612 1349 2705 hominem,
1366 2613 1450 2712 quia
1474 2638 1548 2685 nou

490 2726 713 2815 rationalem,
732 2727 795 2799 sed
815 2726 1030 2825 pecoralem,
1061 2725 1175 2799 filium
1198 2728 1401 2800 Buolrardi⁸
1425 2752 1550 2828 super·

489 2842 628 2914 bissimi
642 2842 796 2914 comitis.
815 2842 886 2928 Qui
903 2841 1147 2915 tumultuosus
1161 2843 1259 2916 mirae
1274 2846 1551 2939 magnanimita-

490 2959 548 3048 tis,
565 2972 673 3056 caput
685 2956 952 3049 sceleratorum,
965 2982 1049 3029 cum
1065 2958 1111 3030 ad
1125 2984 1276 3055 regnum
1288 2960 1447 3058 aspirans
1464 2984 1553 3057 qua-

492 3072 575 3144 dam
607 3071 667 3144 die
680 3096 778 3145 arma
803 3088 926 3145 contra
950 3097 1071 3171 regem
1092 3090 1301 3165 assumeret,
1324 3074 1482 3171 gladium
1505 3076 1552 3147 de

492 3214 604 3261 manu
631 3190 847 3287 porrigentis
872 3190 1031 3288 recipere
1056 3190 1235 3282 refutavit,
1255 3193 1383 3265 astanti
1407 3194 1552 3289 conjugi

492 3306 679 3377 comitissae
702 3306 898 3377 invective‘
910 3306 960 3376 sic
975 3304 1098 3377 dicens
1117 3330 1126 3377 ε
1148 3337 1166 3373 a
1184 3306 1318 3399 Praebe,
1340 3307 1474 3380 nobilis
1490 3334 1554 3381 co-

497 3451 514 3485 «
542 3420 692 3511 mitissa,
703 3420 818 3492 nobili
827 3419 952 3493 comiti
962 3420 1191 3519 splendidum
1202 3448 1324 3495 ensem
1335 3424 1551 3515 laetabunda,

497 3567 514 3604 α
542 3537 626 3633 quia
641 3536 705 3634 qui
721 3559 876 3608 comesa
894 3551 929 3607 te
946 3536 1083 3633 recipit,
1103 3562 1165 3608 rex
1178 3537 1288 3611 hodie
1299 3538 1365 3611 tibi
1381 3539 1550 3613 reddet.»

498 3655 628 3733 Verum
658 3675 679 3723 e
709 3651 910 3742 contrario,
946 3654 1022 3723 Deo
1049 3650 1287 3751 disponente,
1324 3656 1471 3752 contigit
1511 3671 1554 3730 ut

495 3788 562 3839 nec
577 3766 777 3864 quoderat,
794 3793 861 3839 nec
872 3766 972 3864 quod
982 3792 1057 3840 esse
1067 3768 1220 3861 volebat,
1234 3770 1332 3842 diem
1347 3770 1551 3863 excederet;

539 4002 567 4059 l.
584 3997 760 4056 Amebamur
772 4017 828 4079 pro
840 3995 984 4059 arcebant.

538 4097 567 4151 a.
589 4090 699 4150 Lucani
711 4093 828 4165 reare,
845 4095 881 4164 V,
897 4093 1039 4153 nae-aar.

539 4188 569 4244 3.
583 4184 629 4243 Sic
641 4189 711 4261 513,
727 4190 784 4246 tao
800 4199 828 4245 et
839 4187 909 4246 edd.
927 4219 966 4233 -
983 4184 1185 4247 curboilensem
1199 4187 1303 4267 reliqui
1319 4190 1405 4251 codd.

538 4282 727 4342 ¹1.Burcardr’
745 4283 852 4340 12710.
871 4313 910 4328 -
927 4285 955 4340 ls
971 4293 1015 4340 est
1027 4282 1191 4341 Buroardus
1207 4286 1246 4361 11,
1260 4282 1431 4365 cognomine
1451 4288 1559 4365 Super·

502 4371 565 4447 bus,
583 4372 635 4450 qui
649 4372 726 4433 inter
737 4390 829 4433 annos
845 4377 921 4433 1089
934 4386 964 4433 et
979 4377 1052 4433 1101
1070 4374 1202 4437 decessit.

542 4468 571 4526 5.
583 4472 724 4527 lucrative
736 4468 833 4527 forsan
844 4466 997 4547 legendum
1009 4480 1159 4529 autumant
1168 4471 1356 4531 Benedictini.
