3742 5667
450 730 509 790 itt
668 728 832 787 OEUVRES
851 728 1067 787 conuentus
1088 728 1136 786 nu
1157 726 1292 789 suoru.

449 860 706 937 commoditate
735 859 895 961 equitare
937 885 1005 933 nec
1035 860 1141 935 vellet
1168 884 1235 933 nec
1263 875 1397 960 posset,
1431 861 1512 961 ipse

450 994 574 1055 oontra
588 978 787 1054 multorum
800 983 808 1018 ¹
824 978 1024 1051 amicorum
1036 976 1307 1070 dissuasionem,
1330 976 1418 1050 mira
1433 975 1512 1049 ani-

449 1096 616 1170 mositate
628 1096 847 1195 rapiebatur,
868 1108 905 1167 et
921 1092 1022 1192 quod
1044 1093 1112 1194 ipsi
1128 1093 1237 1166 etiam
1255 1095 1403 1190 juvenes
1422 1092 1513 1165 hor-

449 1212 591 1305 rebant,
610 1212 748 1285 aestivos
764 1211 856 1308 junii
873 1225 909 1283 et
928 1210 1069 1307 augusti
1099 1210 1255 1282 tolerans
1274 1208 1425 1301 calores,
1442 1208 1512 1281 im-

448 1329 623 1427 patientes
636 1326 798 1401 calorum
813 1324 968 1419 deridet,
985 1351 1069 1399 cum
1083 1326 1208 1426 saepius
1222 1349 1307 1399 eum
1320 1325 1513 1424 angustiis¹

450 1444 639 1544 paludum,
655 1444 743 1517 locis
758 1444 971 1536 fortissimis,
995 1469 1146 1517 suorum
1158 1445 1301 1517 lacertis
1320 1442 1514 1517 sustentari

450 1574 644 1659 oporteret.
668 1564 778 1634 Erant
787 1562 825 1633 in
842 1561 917 1660 ejus
933 1560 1161 1659 expeditione
1175 1584 1296 1635 comes
1308 1576 1515 1662 prepotens

451 1675 673 1749 Flandrensis
694 1675 857 1767 Carolus,
881 1699 1003 1749 comes
1022 1675 1285 1773 andegavensis
1309 1675 1431 1767 Fulco,
1449 1700 1514 1749 co-

451 1816 529 1864 mes
551 1792 752 1884 Britanniae,
780 1790 989 1865 tributarius
1016 1793 1108 1888 regis
1134 1792 1271 1889 Anglici
1296 1794 1440 1866 ilenrici
1467 1791 1516 1864 de

451 1910 669 1982 Normannia
701 1910 896 2001 exercitus,
938 1907 1092 1982 barones
1128 1923 1164 1982 et
1196 1911 1296 2007 regni
1325 1911 1517 2009 optimates

453 2024 697 2124 quamplures,
716 2026 779 2124 qui
795 2026 902 2098 etiam
917 2026 1126 2125 Hispaniam
1142 2026 1355 2126 perdomare
1371 2024 1516 2099 suffice·

452 2154 545 2215 rent.
566 2142 751 2214 Transiens
770 2142 891 2239 itaque
906 2140 1141 2215 Alvemorum
1159 2140 1324 2215 difficiles
1338 2140 1519 2237 ingressus

452 2270 490 2328 et
508 2254 692 2330 obviantia
720 2257 877 2349 castella,
914 2256 1184 2331 Claromontem
1211 2258 1386 2356 pervenit.
1422 2260 1518 2328 Cum

454 2386 576 2444 autem
604 2373 793 2447 abortivo⁸
812 2390 849 2448 et
874 2375 1044 2473 opposito
1074 2374 1207 2447 civitati
1236 2389 1353 2448 castro
1384 2373 1519 2446 Montis

454 2489 605 2563 Feranni
636 2490 831 2563 exercitum
866 2488 1075 2590 applicaret,
1103 2490 1235 2564 milites
1265 2491 1328 2588 qui
1357 2502 1518 2562 castrum

453 2604 646 2679 defendere
662 2606 856 2700 habebant,
867 2609 1087 2681 Francorum
1099 2606 1303 2681 mirabilem
1318 2606 1519 2679 exercitum

454 2719 527 2794 suis
553 2721 763 2795 dissimilem
783 2721 1029 2817 formidantes,
1054 2724 1246 2797 loricarum
1265 2737 1301 2796 et
1329 2720 1513 2819 galearum

454 2862 660 2937 repercusso
675 2840 750 2910 sole
764 2837 995 2937 splendorem
1009 2838 1241 2933 admirantes,
1259 2837 1336 2913 solo
1351 2840 1428 2912 visu
1442 2838 1516 2911 hae-

454 2970 548 3046 rent,
569 2971 607 3028 et
623 2954 839 3028 exteriorem
852 2946 1047 3028 refutantes
1063 2956 1343 3045 immunitatem,
1362 2956 1398 3027 in
1415 2970 1519 3027 turre

454 3085 490 3143 et
511 3071 617 3143 turris
638 3070 827 3169 procinctu
852 3070 907 3143 vix
930 3071 1038 3144 etiam
1064 3071 1153 3145 inibi
1174 3074 1186 3111 ⁴
1205 3096 1242 3145 se
1266 3070 1513 3145 contulerunt.

453 3184 649 3286 Applicitus
665 3200 787 3259 autem
810 3187 1046 3260 immunitatis
1068 3188 1200 3261 relictae
1221 3186 1392 3260 domibus
1418 3186 1520 3258 flam·

455 3302 633 3375 mivomus
650 3301 757 3399 ignis,
771 3301 944 3401 quicquid
968 3318 1058 3392 erat,
1076 3319 1205 3403 praeter
1224 3303 1355 3375 turrim
1372 3318 1409 3375 et
1428 3326 1517 3402 pro·

454 3418 614 3490 cinctum
638 3417 728 3515 ejus,
752 3418 789 3489 in
808 3418 947 3491 cineres
974 3417 1148 3491 dissolvit.
1168 3423 1212 3491 Et
1230 3420 1346 3517 prima
1368 3416 1518 3516 quidem

455 3534 526 3625 die,
543 3549 690 3634 propter
705 3549 914 3608 estuantem
930 3535 1100 3609 incendio
1117 3534 1237 3608 subito
1253 3532 1389 3628 villam,
1418 3546 1518 3606 extra

495 3818 526 3875 l.
540 3820 697 3875 Multorum
710 3815 853 3877 omittitur
862 3817 894 3877 in
907 3816 975 3878 edd.

472 3910 524 4061 ¹2.
539 3912 687 4062 Arggustr‘is
711 3922 770 3971 tres
789 3910 875 3971 codd.
901 3923 931 3972 et
948 3908 1019 3975 edit.
1042 3912 1142 3974 Germ.
1163 3942 1202 3959 -
1220 3914 1357 3991 Augustis
1382 3910 1463 3970 6265
1489 3922 1521 3971 et

454 4001 519 4063 eia
535 4004 571 4062 ed
594 4048 603 4067 .

494 4098 525 4157 3.
540 4096 671 4156 Aborrr'vo
685 4096 771 4160 cridd.
788 4117 889 4158 omnes
915 4111 1003 4179 atque
1022 4097 1090 4162 edd.
1103 4098 1189 4158 Forte
1208 4095 1363 4176 legendum
1376 4096 1414 4156 ab
1432 4102 1521 4155 orrico

455 4192 539 4272 quasi
550 4192 588 4253 ab
599 4208 671 4268 ortu,
684 4193 716 4255 id
730 4207 775 4254 est
788 4193 826 4254 ab
839 4200 967 4274 Oriente,
980 4206 1013 4255 ut
1025 4206 1107 4254 notat
1117 4194 1238 4257 Freher.

496 4292 527 4349 4.
556 4288 634 4348 Inibi
660 4288 727 4351 edd.
747 4288 852 4348 Cbesn.
872 4301 902 4349 et
923 4288 1047 4366 Bened,
1063 4288 1191 4367 itemque
1216 4287 1282 4353 cod.
1303 4292 1392 4363 5925,
1409 4288 1441 4347 iu
1462 4307 1522 4366 quo

456 4381 533 4442 hanc
547 4401 648 4442 vocem
668 4380 792 4443 restituit
808 4402 911 4443 manus
931 4370 1086 4446 re‘eentior.
1100 4414 1140 4430 —
1152 4378 1216 4444 Sili
1235 4400 1266 4440 se
1282 4393 1339 4441 tres
1362 4378 1411 4440 alii
1429 4380 1516 4441 codd.

459 4490 489 4539 et
502 4476 573 4543 edit.
588 4478 690 4538 Germ.
