3742 5667
474 810 532 868 ess
600 867 603 875 ,
692 812 858 873 ‹nuvnns
877 792 1091 873 marteres
1109 812 1161 870 nn
1180 811 1314 874 suern.

569 1186 643 1235 xm.
675 1187 720 1235 tn
737 1184 928 1235 RADUU‘UM
944 1185 1104 1235 ΟΟΙῙΤΕΜ
1118 1185 1431 1237 vrnortsttnmvsmt.

471 1444 564 1517 unger
583 1440 690 1513 enjoint
713 1460 752 1497 au
772 1454 860 1498 comte
881 1442 919 1497 de
941 1442 1130 1499 Vermundoit
1148 1444 1186 1499 de
1204 1446 1337 1499 restituet
1356 1443 1387 1497 Ia
1412 1454 1476 1499 tour
1497 1443 1541 1499 de

508 1536 712 1593 Sciret-Paleis
733 1533 753 1591 ὰ
771 1532 964 1611 tarcteveque
981 1536 1018 1591 de
1035 1540 1174 1612 Bourges,
1190 1548 1218 1592 ct
1235 1537 1272 1593 de
1295 1536 1374 1610 {utre
1391 1539 1476 1594 lieret
1503 1540 1540 1594 la

510 1640 574 1687 tour
593 1630 629 1684 de
648 1632 775 1707 Bourgcs
794 1628 814 1683 ὰ
836 1632 899 1705 Guy
917 1630 954 1686 de
973 1628 1160 1703 Rebreciu'cn,
1185 1628 1293 1709 charge
1309 1632 1348 1687 de
1367 1634 1397 1689 lu
1413 1633 1537 1710 garder.

948 1853 1053 1935 (tina)

518 2070 681 2167 Egregio,
696 2070 761 2143 Dei
782 2072 905 2167 gratia,
923 2067 1202 2143 viromandensi
1216 2070 1340 2143 comiti
1362 2069 1533 2162 Radulio,

470 2186 637 2282 Sugerius
650 2186 747 2258 Beati
764 2187 928 2285 Dionysii
940 2183 1066 2279 abbas,
1077 2186 1228 2258 salutem
1238 2201 1274 2258 et
1284 2185 1532 2259 dilectionem.

426 2361 432 2370 .
518 2302 662 2374 Juvenis
682 2302 748 2373 iste
767 2302 961 2374 Rainaldus
976 2302 1023 2375 de
1037 2304 1207 2376 Craciaco
1225 2300 1368 2373 festinat
1382 2302 1430 2374 ad
1449 2328 1532 2393 vos,

469 2434 510 2490 ut
518 2419 692 2516 justitiam
710 2419 855 2490 mutetis
872 2434 997 2491 contra
1011 2419 1321 2518 archiepiscopum
1333 2418 1535 2491 Bituricen-

470 2559 560 2627 sem,
576 2536 694 2635 ipsum
715 2534 761 2607 de
784 2534 953 2608 firmitate
975 2536 1095 2607 Sancti
1116 2533 1259 2606 Palladii
1281 2534 1532 2633 exspoliando,

470 2676 541 2749 qua
566 2651 750 2723 investitus
772 2665 847 2722 erat
872 2650 1019 2749 quando
1046 2650 1215 2724 dominus
1240 2675 1302 2723 rex
1328 2652 1536 2751 Hierosoly·

470 2790 569 2837 mam
585 2766 767 2865 proiectus
785 2782 848 2838 est.
871 2771 944 2839 Nos
957 2781 1092 2859 autem,
1110 2766 1266 2839 dictante
1276 2768 1425 2864 justitia,
1438 2792 1534 2865 pre-

471 2882 585 2954 fatum
610 2882 917 2983 archiepiscopum
939 2883 1137 2957 reinvestiri
1158 2883 1401 2981 precipimus,
1430 2882 1535 2980 quod

454 2996 573 3069 'nullo
597 2998 710 3070 modo
734 2998 967 3089 mutabimus,
989 3013 1026 3070 et
1048 3024 1112 3071 vos
1126 2998 1198 3071 hoc
1218 2998 1338 3097 ipsum
1358 2997 1534 3071 mandare

470 3113 649 3185 volumus.
676 3117 729 3186 De
750 3114 907 3187 Widonc
927 3138 1015 3185 vero
1033 3115 1080 3187 de
1098 3114 1399 3205 Herembrachen,
1418 3139 1532 3212 quem

469 3227 516 3301 ad
537 3229 770 3301 muniendam
786 3245 823 3302 et
841 3230 1113 3302 custodiendam
1129 3230 1258 3302 turrim
1275 3230 1533 3303 Bituricensem

470 3346 693 3435 miseramus,
713 3345 895 3419 dilectioni
916 3360 1041 3419 vestre
1061 3346 1301 3441 significamus
1322 3346 1533 3444 praepositos

470 3462 703 3535 Bituricenses
727 3476 763 3533 et
797 3462 1002 3533 Cadurcum
1033 3462 1066 3533 ei
1093 3477 1229 3533 turrem
1252 3486 1410 3557 negasse,
1430 3463 1528 3553 licet,
1555 3480 1561 3494 '

469 3591 660 3677 postquam
670 3576 857 3649 vobiscum
866 3577 977 3649 locuti
988 3576 1134 3666 fuimus,
1149 3575 1219 3649 hoc
1228 3578 1324 3649 idem
1335 3579 1386 3650 eis
1397 3578 1532 3652 iterum

470 3692 773 3765 mandaverimus.
802 3692 910 3779 Quod
937 3716 1004 3790 per
1031 3707 1242 3790 presentem
1264 3694 1441 3767 nuncium
1463 3718 1533 3767 vos

468 3808 554 3906 ipsis
571 3808 759 3907 praecipere
775 3805 968 3880 scribendo
981 3808 1176 3881 volumus¹.

468 3984 590 4045 lectione
603 3982 681 4063 (XV,
695 3984 776 4064 512),
790 3996 819 4044 et
836 3983 1020 4067 Theudorici,
1030 3985 1144 4045 comitis
1157 3985 1312 4059 Fiandriae,
1327 3986 1478 4066 epistoiam
1490 3987 1528 4047 ad

470 4075 621 4156 sugerium
633 4075 743 4158 (ibid).
762 4076 875 4136 Laudat
889 4080 919 4138 S.
932 4078 1099 4137 Bernardus
1111 4079 1205 4157 (epist,
1223 4078 1377 4158 377)hanc
1389 4078 1527 4159 praelato-

469 4183 575 4230 tumet
587 4169 729 4230 baronum
743 4172 990 4245 convocationem,
1006 4176 1024 4231 a
1040 4173 1161 4251 sugerio
1175 4174 1291 4235 iactam.

507 4274 540 4329 i.
561 4268 1016 4344 ExChesn.,lV,531.—Iier.
1032 4275 1129 4349 gallic.
1147 4278 1291 4349 scriptor„
1307 4275 1370 4346 XV,
1392 4275 1463 4331 513.
1481 4272 1525 4334 Cf.

468 4362 559 4435 Petri,
576 4361 759 4421 Bituricensis
772 4362 993 4443 archiepiscopi,
1007 4364 1141 4443 epistolas
1156 4364 1227 4424 duas
1239 4365 1336 4445 (ibid,
1353 4368 1424 4440 70³,
1442 4366 1526 4446 tot),

469 4474 581 4515 necnon
604 4466 633 4514 et
656 4456 740 4514 uliam
764 4457 896 4529 Cadurci,
914 4457 990 4535 regis
1009 4456 1183 4530 cancellarii,
1198 4460 1235 4517 ad
1251 4462 1410 4519 Rotmcum
1435 4458 1526 4519 comi·

469 4560 527 4607 tem
541 4548 731 4608 Perticenscm
745 4546 844 4629 (ibid,
861 4551 942 4623 512).
