3742 5667
497 792 555 852 aas
721 790 889 848 onuvnns
909 775 1123 854 conrnrrns
1142 793 1192 851 nn
1213 793 1348 854 suom.

495 923 662 1022 idemque
684 920 912 1022 praebendam
937 922 1095 1023 plenarie
1123 925 1361 1006 restituitsub
1390 951 1500 999 manu
1516 941 1551 998 et

493 1037 717 1111 anathemate
728 1038 817 1112 Coni
834 1037 1034 1129 cardinalis,
1046 1054 1081 1112 et
1093 1039 1346 1140 archiepiscopi
1361 1041 1551 1130 Eurobict,

493 1168 530 1229 et
544 1152 773 1228 Clarenbaldi
804 1155 963 1254 episcopi
989 1155 1272 1248 silvanectensis,
1287 1181 1397 1256 quam
1415 1155 1551 1231 Robor-

492 1286 550 1344 tus
572 1295 633 1342 rex
652 1294 786 1367 magne
801 1271 940 1371 pietatis
959 1295 979 1342 a
993 1271 1152 1370 capitulo
1168 1272 1240 1344 suis
1257 1271 1424 1371 precibus
1440 1274 1554 1374 impe·

491 1399 659 1459 traverat.
678 1384 781 1458 Idem
802 1409 862 1460 rex
888 1401 971 1484 post
985 1387 1177 1460 Matutinos
1205 1384 1300 1459 beati
1314 1447 1318 1454 .
1330 1387 1489 1484 Dionysii
1512 1389 1551 1460 in

491 1502 637 1574 ecclesia
664 1501 761 1574 beati
783 1502 883 1574 l’auli
907 1526 1017 1601 opera
1037 1502 1289 1576 misericordiae
1308 1517 1345 1576 et
1369 1503 1553 1576 orationes

491 1643 727 1719 prosequens,
764 1616 855 1691 dum
870 1617 1025 1691 ecclesiae
1057 1618 1296 1693 humilitatem
1334 1633 1370 1691 et
1403 1615 1553 1692 clericos

490 1734 652 1832 ejusdem
664 1733 817 1830 benigne
830 1735 896 1807 Dei
911 1734 1056 1807 servitio
1071 1759 1196 1806 vacare
1210 1735 1443 1833 prospiceret,
1459 1749 1500 1805 nt
1514 1733 1552 1806 ei

491 1854 587 1923 Deus
602 1851 863 1950 propitiaretur,
885 1849 932 1923 de
946 1848 1031 1922 fisco
1048 1872 1113 1922 suo
1130 1848 1249 1923 eidem
1265 1848 1421 1922 ecclesiae
1439 1847 1552 1920 dona·

490 1963 543 2034 vit
563 1962 812 2036 molendinum
826 1962 872 2036 de
885 1965 1016 2036 Sancto
1036 1964 1188 2036 Luciano
1199 1967 1223 2054 ¹,
1242 1977 1277 2035 et
1295 1960 1549 2036 molendinum

486 2078 587 2176 juxta
609 2083 759 2150 Pontem
785 2078 949 2151 llalberti
974 2077 1021 2150 ad
1042 2078 1178 2151 fontem
1203 2079 1375 2176 positum.
1390 2078 1549 2150 Tertium

489 2216 575 2265 vero
615 2216 782 2293 parvum,
819 2194 883 2292 qui
921 2192 985 2266 diu
1019 2218 1195 2291 aquarum
1222 2190 1549 2291 superabundantia

490 2308 527 2380 in
551 2310 680 2380 certis⁸
710 2307 934 2406 temporibus
966 2309 1208 2382 infructuosus
1232 2323 1364 2400 cessat,
1401 2307 1549 2381 lurnum

490 2422 536 2495 de
564 2425 695 2496 Sancto
720 2422 900 2514 Marcello,
935 2439 973 2496 et
1007 2424 1154 2496 furnum
1183 2423 1229 2495 de
1257 2439 1363 2523 porta
1389 2422 1546 2512 Basuini,

489 2539 627 2635 integro
646 2536 897 2610 misericordiae
922 2527 1069 2624 allectu,
1088 2536 1349 2636 supplicatione
1363 2551 1399 2610 et
1412 2537 1550 2609 meritis

488 2652 725 2742 clericorum,
763 2653 967 2724 communis
993 2651 1264 2725 benefactorum
1292 2677 1420 2725 manus
1448 2651 1548 2724 attri-

488 2766 578 2840 buit.
617 2767 786 2839 Clausum
821 2765 866 2843 de
906 2771 1047 2858 Strata,
1083 2767 1243 2842 clausum
1274 2767 1321 2840 de
1360 2765 1548 2840 Cormeliis

487 2897 524 2954 et
543 2881 704 2954 clausum
733 2879 779 2954 de
805 2883 926 2954 Monte
951 2883 1189 2973 Morenciaco,
1214 2882 1375 2954 clausum
1395 2881 1441 2954 de
1457 2882 1545 2953 Dio·

488 2995 573 3092 gilo,
592 3011 628 3068 et
650 2996 823 3095 quanttda
845 3020 972 3069 census
996 2997 1115 3096 portio
1131 2999 1224 3070 circa
1248 2995 1372 3068 villam
1399 3010 1435 3068 et
1455 2995 1545 3067 infra

487 3110 639 3209 adjacet,
654 3110 912 3212 supplicatione
929 3126 967 3185 et
984 3114 1120 3186 meritis
1134 3111 1345 3186 corumdem
1361 3110 1487 3182 iratres
1509 3133 1547 3182 se

487 3228 553 3300 Dei
567 3227 712 3301 servitio
723 3243 760 3300 et
772 3226 974 3300 elemosinis
1001 3226 1233 3326 adjungentes
1254 3225 1373 3300 eidem
1391 3224 1546 3298 ecclesiae

487 3341 763 3416 miserioorditer
798 3341 1067 3441 impenderunt.
1101 3347 1228 3416 Actum
1268 3356 1302 3414 et
1334 3341 1546 3414 roboratum

486 3460 525 3530 in
565 3456 723 3554 capitulo
761 3457 858 3529 Beati
890 3459 1065 3556 Dionysii,
1096 3481 1193 3532 auno
1230 3456 1404 3530 incarnati
1438 3451 1545 3526 Verbi

486 3575 750 3663 mcxxxvttr,
777 3571 973 3646 indictione
999 3577 1076 3666 XV,
1100 3589 1223 3673 epacta
1251 3573 1377 3661 XXVI,
1396 3591 1546 3642 concur·

488 3701 593 3761 rente
633 3689 735 3780 uu,
779 3711 875 3760 anno
911 3711 997 3761 vero
1043 3685 1372 3762 amministrationis
1415 3697 1546 3756 nostrae

486 3806 593 3876 XV10.
919 3863 923 3871 .

534 3919 683 4016 Signum
712 3918 836 3992 domni
857 3920 993 4015 Sugerii
1019 3918 1171 3994 abbatis.
1196 3924 1233 3996 S.
1248 3918 1376 3992 liervei
1399 3917 1543 4018 prioris.

486 4036 526 4106 S.
546 4033 716 4108 bernardi
741 4027 980 4132 piaecentoris.
1013 4037 1049 4107 S.
1069 4033 1239 4134 Stepliani
1267 4031 1487 4108 thesaurarii.
1504 4033 1542 4104 S.

486 4150 658 4226 Gaulnedi
672 4150 850 4250 capicerii.

526 4408 560 4463 t.
575 4402 661 4478 Quod
671 4420 778 4463 nomen
791 4401 955 4464 Felibianus
967 4421 1026 4464 non
1038 4401 1118 4482 legit.

528 4499 559 4560 2.
573 4500 608 4560 V.
624 4499 724 4580 suprl,
741 4517 773 4580 p.
787 4497 857 4559 tta.
880 4529 920 4545 —
940 4502 970 4558 3.
983 4495 1182 4558 Incertisedd.
