3742 5667
450 768 525 829 SUR
546 769 616 827 SON
637 768 960 828 ADMINISTBATION
981 770 1201 834 assartum.
1302 776 1361 835 tus

300 900 440 973 nestius
456 900 630 1000 hospitari
661 901 811 999 dignum
846 902 1025 979 duximus.
1060 908 1113 976 De
1144 918 1362 1004 portavero

302 1015 504 1107 Parisiensi,
542 1042 621 1115 quae
658 1017 797 1091 solebat
828 1019 981 1092 reddere
1013 1018 1206 1092 duodecim
1237 1020 1360 1115 libras,

301 1132 560 1229 quinquaginta
582 1133 689 1207 nobis
708 1136 841 1231 reddit,
865 1136 928 1211 ubi
945 1137 1207 1211 incrementum
1230 1152 1283 1209 est
1300 1138 1364 1210 tri-

301 1246 402 1344 ginta
418 1262 456 1321 et
468 1266 554 1323 octo
563 1249 754 1325 fibrarum.

637 1488 683 1558 Π.
705 1488 762 1556 De
784 1482 1031 1557 Trembtucot

349 1686 445 1757 Cum
466 1684 593 1758 eadem
616 1686 699 1777 villa
722 1687 844 1760 multis
862 1688 1017 1785 angariis
1031 1712 1052 1759 a
1068 1687 1199 1760 comite
1230 1688 1364 1759 Domni

301 1801 462 1891 Martini,
490 1801 655 1877 videlicet
676 1806 860 1877 exactione
883 1804 1000 1899 talliae,
1036 1803 1206 1876 frumenti
1232 1803 1366 1877 seilicet

301 1918 465 2016 quinque
489 1919 711 2012 modiorum,
738 1946 829 2019 quos
845 1923 879 1993 ei
904 1945 972 2021 pro
997 1945 1084 2019 pace
1103 1942 1361 2009 concesseram,

303 2033 473 2131 cumipse
484 2033 618 2108 talliam
631 2036 895 2133 provoluntate
907 2062 969 2109 sua
982 2036 1098 2109 facere
1111 2034 1363 2123 consuevisset,

302 2150 488 2222 exactione
501 2152 654 2224 arietum
669 2168 704 2225 et
718 2151 922 2251 hospitandi
936 2154 971 2223 in
988 2151 1071 2223 villa
1092 2150 1210 2223 multis
1226 2148 1366 2223 vicibus

303 2266 340 2337 in
352 2291 451 2338 anno
468 2266 514 2338 de
526 2268 743 2339 rusticorum
759 2264 964 2367 sumptibus
981 2263 1224 2367 [premeretur]
1239 2296 1249 2359 3
1272 2264 1366 2338 hanc

303 2406 432 2481 pacem
445 2407 512 2481 pro
528 2382 585 2455 his
604 2382 775 2455 omuibus
793 2407 878 2454 cum
895 2381 1028 2454 comite
1050 2382 1215 2471 fecimus,
1233 2396 1276 2454 ut
1291 2395 1366 2455 tota

304 2497 445 2570 villain
468 2524 556 2598 pace
584 2498 690 2572 nobis
723 2514 924 2573 remaneret
955 2498 1091 2597 absque
1124 2498 1305 2571 exactione
1330 2512 1366 2568 et

306 2613 565 2689 consuetudine
588 2614 721 2714 aliqua,
739 2630 774 2688 et
790 2640 858 2687 nos
874 2640 942 2715 pro
964 2616 1041 2712 ejus
1057 2615 1222 2688 hominio
1242 2613 1367 2687 decem

306 2728 415 2803 libras
439 2732 587 2828 singulis
612 2732 714 2805 annis
745 2731 792 2804 de
817 2732 1002 2830 marsupio
1023 2746 1147 2803 nostro
1173 2732 1209 2801 in
1228 2728 1367 2802 octabis

307 2846 417 2919 sancti
429 2848 590 2945 Dionysii
603 2848 636 2919 ei
650 2847 830 2921 daremus.
852 2852 924 2921 Nos
939 2862 1060 2921 autem
1074 2844 1226 2919 eandem
1245 2843 1367 2918 villam

306 2964 353 3037 ob
370 2965 442 3038 boc
455 2964 626 3037 libentius
641 2964 905 3057 aedificavimus,
927 2966 1012 3036 etin
1029 2964 1178 3035 introitu
1196 2960 1287 3034 villae
1306 2987 1369 3033 no-

307 3105 387 3153 ram
402 3083 541 3153 curiam
558 3107 641 3154 cum
666 3081 835 3177 granchia
853 3105 947 3155 nova
962 3080 1046 3175 erigi
1068 3079 1216 3151 fecimus
1234 3106 1243 3169 ;
1266 3093 1303 3151 et
1328 3091 1369 3149 ut

307 3197 342 3269 in
354 3221 396 3269 ea
413 3198 615 3297 campipars
633 3198 858 3290 universalis,
877 3213 913 3270 et
937 3210 1091 3293 quatuor
1109 3218 1339 3268 carrucarum
1355 3222 1365 3288 ς

307 3313 342 3384 in
357 3313 467 3385 altera
491 3338 593 3404 vero,
621 3315 754 3411 quaein
779 3313 978 3413 municipio
1002 3326 1067 3400 est,
1087 3310 1234 3383 decimae
1257 3325 1368 3381 terra-

308 3454 384 3501 rum
401 3445 678 3529 reponerentur,
700 3444 736 3502 et
757 3431 794 3502 iu
816 3444 967 3528 utraque
988 3426 1113 3501 usibus
1137 3426 1267 3500 nostris
1283 3439 1369 3497 stra-

307 3546 402 3619 mina
423 3561 704 3621 reservarentur.
727 3550 871 3619 Etcum
898 3545 969 3618 de¹
991 3543 1117 3617 eadem
1133 3544 1217 3615 villa
1231 3557 1294 3614 aut
1309 3542 1368 3613 vix

309 3677 366 3736 aut
381 3687 571 3761 nunquam
589 3679 717 3761 quater
737 3663 862 3758 viginti
878 3677 914 3735 et
934 3660 1062 3735 decem
1083 3658 1228 3733 modios
1255 3682 1368 3730 anno·

308 3804 436 3853 narum
465 3780 553 3852 olim
582 3778 716 3851 babere
742 3803 944 3879 possemus,
978 3777 1025 3851 ad
1056 3776 1126 3849 hoc
1154 3776 1274 3875 ipsum
1290 3798 1368 3847 rem

309 3893 520 3968 deduximus
535 3894 634 3991 quod
651 3894 825 3968 ducentos
845 3893 990 3967 modios
1004 3893 1129 3967 decem
1152 3892 1271 3965 minus
1284 3888 1369 3961 inde

309 4034 327 4081 a
344 4010 480 4107 majore
492 4024 619 4082 nostro
632 4010 821 4105 habemus,
848 4025 945 4083 extra
963 4010 1034 4083 hoc
1055 4007 1156 4107 quod
1178 4007 1368 4100 seminant,

310 4139 343 4197 et
371 4124 470 4224 quod
487 4124 657 4200 bubulcis
681 4142 716 4200 et
742 4126 864 4201 bubus
887 4125 1062 4225 quiequid
1089 4147 1232 4197 necesse
1265 4120 1372 4195 fuerit

352 4386 380 4441 t.
399 4384 480 4443 Nune
493 4391 537 4445 Le
552 4383 702 4458 riemanr
714 4384 969 4465 (semor-oue),
983 4384 1076 4464 prope
1089 4382 1269 4446 Gonessirm.

349 4480 379 4537 2.
393 4480 439 4537 De
451 4478 547 4540 omitt.
562 4477 659 4543 inms.
673 4481 740 4545 cod.
