3742 5667
490 744 529 800 sn
696 732 861 798 murras
882 721 1095 796 conrnnms
1117 737 1168 795 nn
1187 734 1323 797 suom.

490 872 624 966 clesia¹,
640 873 733 945 utin
750 872 871 944 hostes
888 869 964 943 veri
982 869 1103 969 sponsi
1118 871 1198 941 lesu
1222 868 1352 941 Christi
1366 868 1427 941 hic
1439 868 1550 940 etiam

486 988 614 1086 judicii
628 986 825 1087 primordia
839 1003 875 1061 et
896 985 1137 1059 damnativam
1152 985 1382 1084 promulgare
1403 986 1551 1085 incipiat

490 1102 940 1193 sententiam‚venerabilis
959 1116 1089 1176 sanctae
1106 1126 1263 1175 romanae
1286 1101 1443 1174 ecclesiae
1459 1101 1551 1196 lega-

490 1234 548 1293 tus
561 1224 679 1294 Cono¹
694 1221 930 1293 Praenestinus
948 1220 1148 1319 episcopus,
1168 1220 1441 1291 innumerarum
1468 1214 1550 1316 pul-

490 1352 586 1409 satus
612 1336 773 1409 molestia
800 1335 1027 1436 querelarum
1038 1392 1049 1428 ,
1074 1335 1325 1419 ecclesiarum,
1348 1357 1552 1434 pauperum

491 1469 527 1526 et
542 1452 802 1552 orphanorum,
834 1451 1108 1525 devexationum
1131 1452 1206 1550 ejus
1224 1450 1450 1548 tyrannidem
1466 1474 1548 1521 mn-

490 1594 600 1643 crone
610 1568 705 1642 beati
720 1568 828 1658 Petri,
838 1568 1065 1641 anathemate
1081 1567 1217 1641 scilicet
1225 1567 1396 1664 generali,
1405 1566 1553 1639 detrun-

492 1710 590 1779 cans,
618 1684 801 1782 cingulum
832 1683 1023 1756 militarem
1047 1686 1081 1756 ei
1109 1684 1192 1757 licet
1213 1684 1353 1757 absenti
1381 1682 1549 1779 decingit,

492 1800 540 1874 ab
565 1801 665 1874 omni
692 1802 832 1873 honore
860 1815 1033 1899 tauquam
1063 1800 1287 1889 sceleratum,
1324 1799 1548 1887 infamatum,

493 1917 678 1991 christiani
690 1915 846 1989 nominis
854 1916 1055 2005 inimicum,
1064 1915 1230 1987 omnium
1236 1916 1373 2013 judicio
1387 1914 1549 2016 deponit.

492 2035 593 2107 Tanti
612 2036 735 2132 itaque
753 2030 897 2106 concilii
914 2056 977 2103 rex
995 2046 1161 2105 exoratus
1175 2031 1438 2131 deploratione,
1458 2031 1552 2105 citis·

492 2150 583 2223 sime
607 2150 645 2221 in
661 2174 746 2222 eum
761 2163 883 2220 movet
899 2149 1110 2241 exercitum,
1129 2163 1167 2221 et
1195 2146 1305 2240 clero,
1334 2150 1392 2221 cui
1412 2162 1554 2246 semper

492 2265 694 2339 humillime
713 2264 886 2357 haerebat,
910 2266 1113 2356 comitatus,
1133 2264 1341 2337 Creciacum
1357 2265 1552 2337 munitissi-

495 2406 598 2454 mum
612 2397 770 2455 castrum
785 2380 945 2472 divertit,
962 2393 1183 2452 armatorum
1207 2381 1456 2480 potentissima
1472 2405 1552 2452 ma-

494 2523 559 2591 nu,
577 2498 665 2595 quin
680 2496 801 2595 potius
819 2495 954 2588 divina,
978 2496 1161 2595 inopinate
1181 2512 1340 2569 castrum
1365 2500 1551 2597 occupat'‚

495 2613 622 2684 turrim
647 2611 877 2685 fortissimam
901 2634 944 2683 ao
964 2611 993 2683 si
1009 2614 1228 2685 rusticanum
1245 2614 1429 2709 tugurium
1445 2638 1555 2712 expu-

495 2743 592 2824 gnat,
622 2728 812 2800 sceleratos
841 2725 1043 2819 contundit,
1074 2728 1204 2827 impios
1234 2730 1292 2827 pie
1315 2728 1486 2820 trucidat,
1519 2744 1555 2801 et

495 2869 600 2943 quos,
619 2844 704 2941 quia
721 2840 1023 2915 immisericordes
1034 2842 1202 2937 offendit,
1220 2845 1554 2918 immisericorditer

496 2959 698 3033 detruncat.
717 2957 865 3030 Videres
880 2973 1040 3029 castrum
1056 2983 1098 3033 ac
1116 2960 1145 3031 si
1165 2961 1246 3055 igne
1263 2960 1428 3034 conflari*
1448 2960 1555 3032 infer-

495 3076 581 3168 nali,
598 3091 639 3148 ut
655 3074 756 3148 fateri
765 3099 838 3147 non
849 3074 1030 3147 differres:
1046 3075 1225 3177 Pugnabit
1228 3103 1302 3175 pro
1317 3104 1359 3149 eo
1372 3076 1468 3149 orbis
1484 3094 1552 3149 ter·

497 3218 621 3265 rarum
634 3208 761 3264 eontra
775 3194 1003 3263 insecutor.
1079 3236 1083 3245 ·

545 3312 619 3380 Hac
646 3309 753 3405 igitur
775 3307 910 3407 potitus
933 3306 1097 3398 victoria,
1122 3332 1303 3381 successus
1322 3334 1449 3407 urgere
1471 3335 1556 3385 suos

495 3439 698 3525 promptus,
716 3449 800 3497 cum
814 3421 860 3496 ad
874 3422 972 3494 aliud
985 3438 1140 3497 castrum
1156 3426 1303 3497 nomine
1317 3428 1556 3523 Novigentum

496 3538 724 3636 tetendisset,
749 3539 850 3614 adest
867 3540 930 3637 qui
955 3538 988 3611 ei
1001 3539 1159 3612 referat:
1182 3543 1363 3615 «Noverit
1376 3544 1555 3616 serenitas

536 3802 567 3859 1.
587 3797 747 3859 Concilium
765 3796 984 3871 Bellovacense,
1004 3810 1106 3860 contra
1127 3798 1285 3860 Henricum
1305 3804 1331 3859 V
1350 3802 1554 3881 imperatorem

496 3903 712 3973 congregatum,
726 3890 774 3951 die
784 3896 865 3951 sexta
878 3892 1051 3969 decembris,
1065 3912 1141 3951 anuo
1156 3899 1191 3954 11
1200 3898 1248 3972 tt,
1261 3895 1467 3974 inauguratum
1478 3908 1532 3958 est.

536 3990 567 4047 2.
581 3991 656 4047 Ceno
672 3988 741 4049 135.
757 4018 796 4032 -
809 3991 890 4047 Nono
903 3988 1018 4059 127103
1033 3996 1154 4065 uterque
1167 3988 1314 4048 mendose.

537 4085 567 4144 3.
582 4086 667 4141 Anno
682 4082 773 4152 1115,
797 4091 931 4139 currente
948 4080 1186 4160 quadragesima,
1203 4078 1286 4162 juxta
1305 4084 1555 4146 Benedictiuoruur

500 4175 682 4236 sententiam.

537 4274 567 4330 1.
590 4270 771 4348 conflagrari
795 4267 873 4327 solus
900 4266 1045 4328 recentior
1061 4268 1129 4329 cod.
1154 4272 1248 4344 6265,
1272 4269 1354 4353 cujus
1373 4269 1557 4335 Benedictini

496 4361 648 4423 lectionem
662 4360 815 4421 admisere.

538 4458 567 4516 5.
581 4455 644 4516 Lib.
662 4454 803 4535 sapient„
817 4474 848 4528 r,
861 4456 896 4514 at
917 4473 925 4512 ε
942 4453 1084 4533 Pugnabit
1098 4475 1160 4514 cum
1171 4476 1203 4514 eo
1216 4457 1301 4535 orbis,
1315 4471 1372 4522 etc.
