3742 5667
621 766 684 823 Vlll
703 766 755 825 DE
774 764 885 823 touls
905 768 953 824 LE
972 766 1080 827 GROS.
1322 770 1379 829 tta

321 898 542 997 pervenitur,
553 896 689 997 absque
703 896 916 971 scandaloet
925 899 1199 998 perturbatione
1211 900 1379 996 fratrum,

321 1012 403 1087 licet
422 1040 498 1088 non
517 1014 780 1108 consueverint,
798 1013 947 1114 pacifice
964 1014 1176 1088 constituit¹.
1193 1017 1301 1115 Cujus
1317 1042 1381 1092 vo-

321 1131 467 1203 luntatis
499 1130 630 1205 divinae
661 1130 877 1223 efficaciam,
915 1145 1022 1205 tantae
1050 1130 1243 1225 libertatis,
1279 1133 1382 1207 bonae

321 1244 421 1319 lamae
449 1260 487 1319 et
508 1262 656 1321 terrenae
674 1246 865 1348 opulentiae
880 1245 1071 1320 subsecuta
1097 1264 1150 1321 est
1172 1247 1379 1342 affluentia;

321 1377 359 1434 ut
373 1362 485 1435 etiam
500 1363 538 1435 in
555 1365 836 1463 praesentiarum,
852 1386 926 1461 quo
946 1364 1059 1461 magis
1073 1380 1196 1437 nostra
1212 1365 1384 1437 excitetur

320 1478 604 1577 pusillanimitas,
624 1480 784 1579 quodam
803 1478 916 1552 modo
937 1496 1175 1577 cognoscatur
1198 1504 1264 1553 nos
1285 1482 1385 1579 ipsos

320 1597 612 1669 remuneratione
630 1597 737 1670 etiam
760 1595 952 1696 temporali
971 1621 1216 1689 remunerare,
1238 1621 1322 1669 cum
1348 1610 1385 1669 et

320 1711 524 1809 apostolici,
553 1738 653 1811 reges
684 1730 722 1787 et
749 1714 930 1813 principes
960 1712 1187 1788 felicitatibus
1219 1712 1385 1787 Ecclesiae

321 1828 562 1925 congratulari
588 1828 755 1922 delectet,
782 1854 1006 1927 gemmarum
1027 1829 1280 1928 pretiosarum,
1307 1828 1386 1902 auri

320 1959 357 2016 et
370 1946 524 2040 argenti,
546 1946 739 2046 palliorum
762 1962 798 2020 et
813 1946 968 2020 aliorum
984 1946 1302 2019 ecclesiasticorum
1324 1971 1386 2019 or·

321 2078 575 2136 namentorum
610 2064 795 2137 affluentia
824 2064 953 2137 exinde
989 2062 1178 2156 exuberet,
1211 2079 1252 2137 ut
1288 2078 1387 2136 recte

321 2175 439 2250 dicere
454 2180 664 2254 valeamus:
684 2186 867 2253 Venerunt
894 2178 987 2251 nubi
999 2183 1120 2251 omnio
1135 2184 1227 2253 bonu
1244 2184 1388 2279 pariter

321 2317 401 2364 cum
412 2293 480 2366 itta
489 2299 512 2368 ¹.
533 2301 616 2386 Quo
631 2297 877 2395 experimento
885 2295 1005 2392 gloriae
1019 2294 1146 2369 future
1161 2297 1243 2389 Dei,
1263 2297 1388 2369 tratres

322 2434 545 2485 successores
574 2428 717 2486 nostros
751 2410 969 2485 obtestando
991 2434 1059 2509 per
1090 2410 1156 2483 Dei
1188 2411 1387 2485 misericor·

323 2523 421 2599 dum
455 2541 492 2601 et
537 2526 697 2602 terribile
737 2528 813 2626 ejus
846 2526 1028 2625 judicium
1069 2525 1301 2601 sollicitamus
1341 2551 1388 2600 ne

322 2658 483 2717 sanctam
524 2644 757 2741 religionem,
805 2668 884 2742 quae
919 2659 955 2716 et
992 2643 1158 2717 homines
1194 2658 1232 2717 et
1270 2646 1389 2717 Deum

322 2760 512 2852 conciliat,
548 2760 730 2833 confracta
760 2760 995 2851 consolidat,
1018 2759 1158 2857 perdita
1189 2774 1386 2851 restaurat,

324 2890 573 2975 paupertatem
608 2878 775 2978 opimat,
811 2894 990 2976 tepescere
1025 2876 1266 2973 permittant:
1304 2876 1390 2975 quia

325 3003 412 3075 sicut
441 3002 653 3076 timentibus
677 3007 795 3075 Deum
814 3001 905 3075 nihil
919 2999 1048 3093 deest⁸,
1064 3026 1140 3074 non
1163 3000 1386 3093 timentibus,

325 3121 431 3193 etiam
451 3120 618 3217 regibus,
643 3120 767 3193 omnia
791 3120 859 3219 ipsi
885 3142 1032 3217 quoque
1056 3116 1125 3191 sibi
1152 3116 1337 3191 deficiunt.

371 3240 513 3309 XXVll.
533 3241 712 3335 Sequente
726 3238 848 3335 itaque
861 3236 1101 3309 ordinationis
1122 3250 1253 3307 nostrae
1278 3259 1388 3323 anno,

326 3376 370 3423 ne
385 3352 641 3449 ingratitudine
658 3377 892 3452 argueremur
912 3351 1050 3449 (sancta
1075 3351 1210 3450 quippe
1240 3374 1389 3423 romana

327 3469 471 3543 ecclesia
482 3485 566 3543 ante
581 3486 739 3543 nostram
752 3469 1035 3570 promotionem,
1053 3482 1129 3539 tam
1143 3470 1263 3539 Romae
1281 3489 1391 3564 quam

327 3585 410 3658 alibi
428 3587 553 3660 multis
569 3603 606 3660 et
621 3586 772 3659 diversis
789 3585 963 3677 conciliis,
981 3599 1053 3657 tam
1067 3608 1136 3682 pro
1154 3582 1302 3655 ecclesia
1312 3606 1393 3654 nos-

328 3712 381 3771 tra
395 3723 505 3797 quiam
529 3725 596 3800 pro
612 3700 690 3773 aliis
711 3714 876 3795 agentem
897 3698 1053 3795 benigne
1078 3712 1295 3796 susceperat,
1313 3720 1393 3794 gra·

329 3830 442 3891 tanter
473 3816 707 3891 disserentem
727 3815 902 3909 audierat,
930 3813 1074 3911 negotia
1102 3824 1225 3885 nostra
1248 3836 1307 3885 me
1339 3811 1391 3886 al·

369 4042 398 4102 1.
423 4046 513 4101 Anno
533 4046 626 4117 1113,
652 4038 737 4123 juxta
763 4038 881 4103 Guillel.
907 4044 1000 4119 Nang.
1018 4036 1174 4111 chronica,
1195 4038 1286 4113 1111,
1309 4033 1395 4119 juxta

331 4132 519 4211 Pelihianum‚
532 4135 615 4219 cujus
624 4136 804 4218 probabilior
820 4132 974 4207 sententia,
987 4130 1194 4191 monasterium
1212 4128 1311 4193 Sancti
1325 4129 1396 4191 Dio·

334 4224 404 4303 nysii
415 4226 586 4289 reformarit
598 4229 748 4309 Sugarius.
760 4233 805 4290 De
816 4228 874 4288 boc
882 4228 921 4288 cl.
932 4228 965 4289 S.
973 4222 1114 4287 Bernardi
1123 4221 1333 4303 epistolamttl.

372 4323 400 4380 1.
415 4322 480 4382 Lib.
497 4324 645 4403 sapient„
659 4344 711 4399 vn,
726 4327 778 4385 11.

373 4419 401 4477 3.
430 4416 541 4477 Allodit
568 4416 707 4497 sugerius
732 4414 829 4477 verbis
854 4412 939 4477 Pauli
967 4426 1073 4497 apost,
1102 4412 1197 4495 Epist.
1227 4410 1267 4473 ad
1294 4416 1397 4489 Rom,

335 4511 455 4583 nost&
