3742 5667
459 789 520 850 rtv
675 780 833 842 (novans
856 764 1076 841 martarus
1096 784 1145 841 ou
1167 785 1299 845 sunan.

457 922 567 996 bilem
588 935 624 992 et
642 942 731 1019 pene
747 913 1011 990 intolerabilem
1027 917 1134 989 etiam
1148 916 1391 993 audacissimis
1413 920 1518 1019 dejici

458 1036 684 1134 grandinem,
707 1034 868 1107 trabium
890 1031 1113 1133 depositione
1143 1048 1179 1105 et
1207 1032 1351 1107 sudium
1384 1036 1521 1111 immis-

457 1156 570 1245 sione,
589 1153 744 1252 incipere
757 1155 811 1223 et¹
825 1175 902 1222 non
917 1147 1089 1248 perlicere
1102 1150 1356 1249 repulsionem.
1379 1152 1522 1249 Regales

458 1285 617 1361 econtra,
634 1268 829 1342 fortissimo
845 1266 956 1338 animi
975 1281 1012 1339 et
1023 1267 1184 1365 corporis
1200 1267 1333 1340 robore
1348 1271 1522 1343 acerrime

458 1386 681 1476 dimicantes,
698 1384 806 1456 scutis
816 1383 1021 1476 confractis,
1032 1382 1191 1475 ascellas,
1203 1385 1305 1475 ostia,
1319 1400 1354 1457 et
1370 1410 1521 1483 quaeque

458 1502 573 1597 lignea
583 1500 650 1573 sibi
666 1513 929 1598 praeponentes,
938 1513 1051 1597 portae
1062 1499 1245 1591 insistunt,
1259 1524 1382 1575 carros
1395 1503 1517 1593 etiam,

458 1643 550 1716 quos
565 1615 675 1687 multa
697 1616 863 1711 congerie
879 1615 1058 1687 siccorum
1081 1615 1261 1711 lignorum
1280 1616 1395 1717 adipis
1411 1633 1448 1692 et
1465 1645 1521 1691 sa·

459 1733 602 1828 giminis
616 1736 626 1771 ⁸
639 1733 712 1804 cito
737 1730 899 1803 someuto
926 1730 1080 1802 flammis
1110 1732 1349 1805 accendendis
1380 1736 1521 1807 onerari

458 1847 656 1921 feceramus
672 1835 785 1938 (erant
800 1846 897 1918 enim
913 1847 1213 1919 excommunicati
1230 1862 1264 1920 et
1279 1850 1427 1921 omnino
1443 1849 1520 1921 dia·

459 1963 600 2061 bolici),
616 1978 719 2063 porta
734 1964 770 2035 in
787 1944 896 2035 manu
914 1962 997 2035 forti
1010 1978 1213 2061 opponunt,
1234 1980 1275 2037 ut
1299 1981 1335 2037 et
1351 1966 1434 2063 ipsis
1447 1990 1523 2037 car·

458 2080 508 2152 ris
541 2078 747 2152 incendium
780 2077 1048 2175 inextinguibile
1080 2080 1293 2178 propinent,
1324 2095 1361 2153 et
1389 2082 1523 2179 seipsos

459 2197 626 2296 opposito
653 2194 832 2291 lignorum
847 2218 974 2290 aggere
1000 2210 1178 2267 tueantur.
1210 2198 1373 2294 Cumque
1393 2197 1451 2269 alii
1466 2223 1524 2271 ac-

459 2311 625 2401 cendere,
648 2311 707 2382 alii
726 2311 928 2407 extinguere
947 2311 1145 2408 periculose
1162 2326 1382 2401 concertant,
1400 2338 1523 2387 comes

458 2426 685 2499 Theobaldus
697 2426 856 2517 aliunde,
873 2451 914 2499 ea
931 2426 1065 2500 scilicet
1079 2443 1181 2526 parte
1197 2453 1268 2527 qua
1283 2429 1425 2528 respicit
1442 2435 1523 2503 Car-

461 2559 600 2629 ootum,
617 2568 748 2639 magno
758 2556 794 2615 et
812 2542 957 2615 militari
975 2557 1010 2615 et
1028 2542 1185 2641 pedestri
1195 2546 1353 2617 exercitu
1363 2563 1521 2620 castrum

458 2661 631 2751 assiliens,
646 2658 814 2731 invadere
824 2658 1185 2756 memorinjuriarum
1196 2660 1339 2733 festinat
1356 2688 1364 2733 :
1382 2678 1417 2736 et
1431 2661 1521 2736 dum

458 2780 555 2850 suos⁸
575 2775 691 2849 arduo
713 2775 814 2848 valli*
836 2774 977 2848 declivo
1004 2776 1198 2849 ascendere
1221 2778 1389 2871 concitat,
1416 2781 1522 2854 citius

459 2893 688 2984 descendere,
714 2894 828 2965 immo
854 2916 1024 2965 corruere
1043 2892 1161 2984 dolet;
1184 2917 1275 2990 quos
1295 2910 1399 2968 cante
1420 2898 1522 2994 quasi

457 3034 593 3109 pronos
606 3032 750 3107 serpere
760 3032 904 3080 sursum
913 3008 1021 3103 cogit,
1039 3008 1208 3081 deorsum
1224 3012 1521 3111 supinosincaute

457 3125 668 3225 praecipitari
695 3125 853 3222 respicit,
879 3138 915 3195 et
939 3139 1077 3215 utrum,
1106 3124 1378 3223 insequentibus
1400 3129 1518 3219 molis,

455 3241 621 3339 spiritum
644 3238 821 3328 exhalent,
833 3262 1048 3335 cognoscere
1073 3241 1210 3336 satagit.
1239 3244 1309 3330 Qui
1338 3244 1434 3315 enim
1450 3246 1519 3316 mi·

455 3358 535 3429 lites
551 3355 782 3430 velocissimis
802 3356 904 3451 equis
919 3354 1025 3426 castri
1039 3352 1287 3429 defensionem
1301 3358 1516 3451 circuibant,

458 3471 670 3544 manualiter
688 3468 808 3567 glandi
823 3470 1029 3560 innitentes,
1050 3469 1234 3567 inopinate
1250 3472 1339 3544 dum
1356 3498 1521 3573 superve-

455 3590 575 3661 nirent
588 3587 784 3676 caedebant,
803 3584 1081 3677 detruncabant,
1098 3602 1133 3659 et
1150 3587 1197 3660 ab
1212 3587 1287 3660 alto
1312 3589 1433 3663 fossati
1444 3592 1518 3665 imo

458 3705 628 3800 graviter¹
643 3702 870 3801 dejiciebant.
894 3706 1047 3799 lamque
1063 3726 1191 3775 manus
1206 3703 1390 3777 dissolutae
1407 3721 1442 3778 et
1456 3706 1520 3777 de-

378 3891 384 3904 ,
456 3815 595 3888 bilitata
616 3840 731 3912 genua
756 3813 928 3888 assultum
946 3814 1102 3911 sopitum
1124 3839 1216 3913 pene
1238 3816 1414 3908 fecerant3
1435 3842 1516 3889 cum

458 3930 587 4024 valida,
614 3932 727 4003 immo
751 3931 981 4029 omnipotens
1006 3930 1262 4029 omnipotentis
1285 3933 1350 4005 Dei
1376 3958 1515 4023 manus,

496 4146 526 4202 l.
545 4147 585 4202 Et
598 4141 649 4201 dat
664 4140 742 4200 solus
756 4142 824 4203 cod.
837 4144 929 4214 aaut,
943 4142 1023 4220 quod
1036 4142 1157 4203 verbum
1172 4144 1315 4205 admisere
1327 4145 1516 4207 Benedictini.

495 4239 524 4293 2.
539 4234 586 4295 sic
598 4234 774 4294 unanimiter
787 4234 896 4295 laudati
911 4236 999 4295 codd.
1015 4268 1055 4282 -
1067 4242 1221 4317 Sanguinis
1233 4239 1301 4301 edd.

472 4385 477 4394 ,
498 4332 527 4389 ³.
543 4336 615 4389 Dum
629 4330 681 4389 sud
691 4334 780 4388 arduo
792 4330 871 4390 solus
882 4332 948 4393 cod.
966 4334 1056 4395 6265.

498 4428 527 4483 lt.
542 4422 588 4483 sie
605 4422 688 4485 codd.
707 4427 777 4497 aaa,
796 4426 866 4500 135,
881 4435 911 4484 et
923 4423 993 4488 edit.
1011 4427 1110 4488 Germ.
1127 4458 1164 4471 —
1180 4425 1269 4501 Alias,
1285 4433 1377 4489 vallis.

497 4520 525 4576 5.
541 4518 671 4575 Graviter
680 4518 768 4595 ador,
782 4536 838 4597 pro
853 4521 940 4589 lesos,
955 4517 1032 4577 solus
1043 4516 1109 4577 cod.
1127 4522 1237 4579 tatto.
