3742 5667
481 806 520 863 te
701 795 856 862 monas
875 759 1109 862 &lennes
1127 805 1179 861 nn
1198 805 1333 864 snonn.

483 935 601 1008 minus
614 933 706 1008 hene
726 958 808 1032 erga
823 921 1013 1006 ecetesiam
1030 959 1068 1007 se
1084 933 1271 1026 habuerat,
1290 949 1326 1007 et
1345 935 1430 1032 quia
1451 935 1544 1010 inter

485 1065 541 1123 tot
556 1050 693 1124 nobiles
704 1075 802 1148 reges
810 1073 884 1124 non
897 1051 1021 1143 magni
1032 1049 1225 1124 duceretur
1240 1050 1317 1148 ejus
1330 1050 1542 1150 sepultura),

485 1166 522 1238 in
538 1166 668 1240 eodem
684 1167 900 1240 monasterio
924 1181 1009 1240 ante
1029 1168 1140 1240 altare
1160 1167 1332 1265 positum,
1350 1182 1460 1266 prout
1478 1167 1544 1240 de·

484 1284 622 1356 centius
636 1298 846 1382 potuerunt,
863 1283 1009 1380 hymnis
1024 1297 1062 1355 et
1084 1307 1188 1382 prece
1209 1284 1368 1356 animam
1384 1284 1542 1356 Domino

484 1397 790 1496 commendantes,
808 1423 940 1498 corpus
954 1397 1176 1472 solemnibus
1193 1399 1283 1471 saxis
1307 1414 1540 1498 exceperunt.

534 1519 627 1587 Xlll.
655 1514 822 1588 Praefatus
838 1531 959 1588 autem
978 1514 1195 1606 Ludovious,
1212 1515 1386 1613 quoniam
1400 1515 1439 1586 in
1454 1514 1545 1587 ado-

485 1627 649 1704 lescentia
665 1630 820 1703 eoolesiae
835 1629 1030 1702 amicitiam
1037 1627 1175 1702 liberali
1181 1628 1388 1704 defensione
1404 1652 1545 1727 prome·

437 1775 443 1782 ·
486 1759 618 1836 ruerat,
639 1769 838 1844 pauperum
851 1759 888 1817 et
900 1745 1145 1843 orphanorum
1163 1768 1309 1818 causam
1327 1757 1546 1818 sustentave-

485 1874 554 1951 rat,
584 1875 755 1957 tyrannos
780 1861 918 1958 potenti
937 1861 1067 1933 virtute
1091 1860 1358 1958 perdomuerat,
1381 1864 1458 1933 Deo
1481 1885 1547 1931 an-

486 1990 630 2065 nuente,
649 1974 695 2048 ad
703 1977 803 2070 regni
816 1974 1048 2070 fastigiosicut
1056 1973 1237 2048 honorum
1254 1991 1339 2049 voto
1346 1976 1543 2066 asciscitur,

487 2089 538 2160 sic
552 2089 731 2163 malornm
746 2104 782 2162 et
791 2081 988 2189 impiorum
1000 2092 1117 2163 votiva
1131 2092 1407 2184 machinatione,
1425 2092 1456 2164 si
1469 2090 1547 2162 fieri

486 2219 620 2302 posset,
639 2205 898 2278 excluderetur.
921 2205 1090 2278 Consulte
1108 2231 1193 2303 ergo
1208 2208 1337 2304 agitur,
1355 2221 1390 2280 et
1408 2206 1550 2306 potissi·

486 2342 589 2393 mum
611 2320 769 2394 dictante
784 2319 980 2395 venerabili
1002 2337 1039 2394 et
1061 2322 1320 2422 sapientissimo
1337 2323 1416 2394 viro
1435 2325 1549 2395 lvone

488 2437 695 2511 Carnotensi
725 2437 908 2536 episcopo,
944 2454 984 2513 ut
1012 2437 1059 2510 ad
1092 2438 1324 2511 refellendam
1350 2438 1548 2536 impiorum

487 2554 787 2628 machinationem
806 2554 974 2628 citissime
993 2553 1188 2628 Aurelianis
1205 2555 1432 2646 conveniant,
1450 2554 1547 2652 ejus·

486 2695 558 2769 que
574 2670 779 2746 exaltationi
796 2694 943 2770 operam
966 2669 1050 2743 dare
1073 2685 1214 2743 mature
1236 2669 1415 2742 festinent.
1430 2673 1547 2743 Seno·

487 2788 605 2859 nensis
617 2785 722 2882 igitur
733 2785 1019 2885 archiepiscopus
1028 2783 1547 2859 Daimhertus⁴invitatuscum

487 2899 880 3001 comprovincialibus¹,
910 2900 1073 2974 videlicet
1100 2901 1235 2974 Galone
1265 2900 1448 2975 Parisiensi
1469 2902 1549 2998 epia

487 3041 609 3114 scopo,
629 3020 787 3090 Manasse
794 3015 1150 3110 Meldensi,lohanne
1166 3016 1418 3107 Aurelianensi,
1436 3019 1549 3088 lvone

487 3133 707 3226 Carnotensi,
727 3136 877 3229 Hugone
902 3132 1125 3222 Nivernensi,
1148 3131 1356 3204 llumbaldo
1373 3130 1547 3203 Autissio-

487 3213 645 3339 doiensi,
663 3247 841 3322 accessit⁸.
860 3249 930 3336 Qui
947 3247 985 3318 in
999 3245 1060 3320 die
1084 3247 1306 3320 Inventionis
1327 3247 1438 3319 sancti
1461 3271 1548 3346 pro·

485 3364 674 3461 omartyris
694 3363 895 3462 Stephani‘,
928 3363 1184 3435 sacratissimo'
1198 3362 1376 3436 unctionis
1399 3361 1544 3460 liquore

486 3474 702 3570 delibutum,
721 3479 845 3552 missas
858 3478 1052 3572 gratiarum
1068 3503 1187 3574 agens,
1209 3476 1422 3575 abjectoque
1441 3499 1548 3548 secu·

486 3590 568 3664 lan‘s
587 3593 722 3666 militiae
738 3592 869 3688 gladio,
887 3592 1124 3667 ecclesiastico
1148 3593 1196 3667 ad
1211 3593 1407 3666 vindictam
1434 3591 1550 3664 male-

486 3705 664 3782 factorum
679 3709 877 3805 accingens,
896 3705 1098 3783 diademate
1121 3709 1222 3804 regni
1245 3722 1423 3806 gratarum
1443 3729 1551 3781 coro·

527 3958 558 4018 1.
569 3957 738 4018 Dembertus
752 3961 822 4034 135,
838 3959 908 4019 ott.

528 4053 558 4110 Ξ.
570 4050 793 4109 Prostacr'ale'bus
809 4051 899 4123 5925,
918 4053 1009 4123 6265,
1025 4052 1134 4112 l2'llll.

527 4142 558 4202 ³.
575 4141 622 4202 Sic
638 4143 705 4204 eod.
727 4161 787 4221 reg.
811 4144 907 4217 etos,
922 4153 1009 4221 atque
1026 4141 1093 4202 edd.
1111 4141 1218 4204 chesn
1236 4153 1264 4202 et
1282 4140 1392 4204 Beoed,
1406 4172 1446 4184 -
1461 4144 1549 4200 rome

489 4233 664 4308 consensi,
676 4240 794 4314 Hugone
806 4238 1057 4300 Autissiodorensi,
1071 4243 1189 4294 accessit
1204 4239 1263 4296 135
1278 4247 1309 4295 et
1326 4235 1375 4296 ed.
1392 4234 1495 4296 Germ,
1507 4263 1550 4280 ·-

487 4331 573 4387 leone
596 4330 776 4404 Carnotensi,
803 4333 921 4408 nugam
949 4332 1130 4402 Ntremrnsl,
1152 4329 1406 4404 Autissiodorensi,
1428 4333 1549 4388 accessit

489 4421 559 4494 513,
575 4421 663 4494 seat,
679 4423 788 4482 12110.

529 4511 548 4567 l
573 4508 625 4569 Die
637 4510 751 4589 augusti
766 4512 902 4593 secundo,
918 4531 968 4575 an.
984 4513 1073 4574 1108.
1089 4543 1129 4561 -
1140 4515 1169 4573 5.
1185 4517 1383 4576 Sacrattssr'me
1395 4514 1466 4575 135.
