3742 5667
626 785 688 842 vta
707 785 759 842 DE
780 785 890 843 LOUlS
910 787 957 844 ts
977 785 1087 847 GROS.
1348 792 1388 850 2³

322 917 441 992 inituri
457 941 546 990 curn
562 943 620 1010 eo,
635 932 913 1016 prosequuntur.
933 924 1010 993 lloo
1026 946 1140 994 unum
1153 940 1286 998 mutuae
1304 950 1388 998 con-

323 1023 495 1132 gressioni
510 1033 653 1126 oberat,
671 1033 773 1131 quod
784 1035 876 1106 inter
892 1037 986 1108 acies
1001 1039 1307 1137 utriusquepartis
1317 1056 1391 1112 tom

322 1177 401 1226 rens
411 1148 518 1226 tarde
529 1151 721 1224 transitum
738 1151 925 1249 porrigens
934 1154 1125 1226 convenire
1136 1154 1383 1252 prohibebat¹.

322 1270 378 1340 Sic
393 1283 551 1366 utraque
573 1266 717 1340 classica
737 1281 773 1338 et
790 1267 873 1364 pilo
895 1269 1072 1342 minam
1090 1269 1195 1366 pilu¹
1214 1272 1331 1368 prima
1351 1286 1388 1345 et

322 1383 431 1456 altera
447 1383 508 1458 die
525 1409 563 1457 se
576 1383 842 1482 conspicantur,
861 1407 946 1455 cnm
958 1384 1079 1459 subito
1094 1385 1192 1457 venit
1211 1384 1258 1456 ad
1281 1391 1388 1462 Fran-

322 1525 382 1572 cos
394 1499 545 1598 quidam
557 1499 738 1596 joculator
757 1498 894 1598 probus
910 1499 1014 1572 miles
1036 1499 1083 1572 ab
1098 1502 1261 1600 opposita
1269 1518 1384 1600 parte,

321 1618 493 1690 nuntians
503 1614 793 1712 irrefragabiliter
800 1615 920 1713 pn'mo
928 1641 1003 1713 quo
1016 1617 1238 1690 inveniretur
1244 1643 1388 1692 accessu

320 1759 381 1806 eos
397 1734 642 1825 committere,
660 1748 696 1804 et
710 1731 846 1806 illatam
861 1756 929 1830 pro
944 1733 1110 1808 libertato
1125 1735 1292 1831 injuriam
1307 1736 1388 1809 has

321 1851 365 1922 tis
376 1863 414 1922 et
425 1850 555 1946 gladiis
568 1849 764 1940 vindicare,
783 1873 892 1946 seque
905 1849 953 1922 ad
969 1850 1169 1923 naturalem
1177 1850 1384 1946 dominum,

320 1981 361 2040 nt
376 1992 445 2065 pro
464 1992 511 2040 eo
523 1982 560 2040 et
573 1991 657 2040 cum
674 1991 719 2038 eo
740 1963 901 2055 dimicet,
932 1991 994 2038 eos
1007 1965 1195 2041 dimisisse.
1220 1971 1386 2042 Insonuit

320 2107 448 2156 rumor
463 2107 531 2182 per
545 2083 699 2156 tentoria
713 2096 929 2174 casnetum,
947 2097 983 2154 et
991 2083 1148 2157 militum
1162 2083 1310 2158 audacia
1326 2086 1387 2156 tri.

322 2199 459 2299 pudiat.
493 2199 698 2272 loricarum
720 2212 756 2269 et
775 2197 955 2293 galearum
984 2197 1172 2298 splendida
1190 2200 1387 2299 pulchritu-

323 2311 405 2386 dine
421 2337 462 2384 se
479 2326 665 2402 exornant,
683 2311 947 2384 animositatem
961 2314 1151 2408 exagitant,
1168 2330 1217 2403 et,
1241 2316 1269 2386 si
1292 2315 1388 2386 forte

322 2429 493 2500 transitus
510 2429 561 2500 eis
573 2442 751 2518 occurrat,
768 2443 967 2500 torrentem
981 2429 1158 2501 transilire
1168 2430 1382 2520 accelerant,

321 2543 470 2640 dunum
487 2542 659 2618 ducentes
684 2544 796 2639 magis
813 2559 854 2616 ut
871 2544 994 2617 hostes
1008 2544 1260 2641 aggrediantur
1275 2568 1386 2642 quam

320 2659 420 2758 quod
450 2685 489 2733 se
513 2658 720 2734 defendant.
750 2658 858 2748 Quod
885 2660 1048 2734 videntes
1072 2659 1285 2732 nobilissimi
1318 2660 1385 2732 viri

321 2781 572 2873 Engerrannus
592 2774 637 2850 de
653 2781 760 2869 Bova,
778 2775 908 2848 Ebalus
920 2776 967 2849 de
980 2777 1147 2868 anciaco,
1173 2801 1294 2850 comes
1319 2780 1386 2848 An·

322 2891 423 2966 dreas
442 2892 491 2964 de
508 2894 687 2982 Rameru⁸,
700 2895 803 2988 Hugo
815 2892 927 2964 Albus
941 2892 985 2964 de
996 2892 1192 2981 Firmitate,
1205 2890 1384 2964 Robertus

322 3007 365 3082 de
378 3009 566 3108 Capiaoo‘,
593 3023 630 3080 et
652 3007 711 3080 alii
736 3009 912 3106 sapientes
941 3021 976 3080 et
1004 3006 1168 3096 discreti,
1197 3006 1385 3080 audaciam

322 3121 495 3220 designati
511 3123 652 3197 domini
666 3122 896 3212 admirantes,
916 3122 1079 3195 consulte
1093 3123 1126 3194 ei
1151 3121 1291 3194 deferre
1317 3121 1386 3194 ele

325 3253 466 3334 gerunt3
481 3253 518 3312 et
533 3237 681 3338 pacifice
694 3237 741 3310 ad
757 3262 842 3310 eum
858 3237 1053 3327 venientes,
1064 3235 1292 3334 pubertatem
1309 3237 1385 3333 ejus

196 3389 200 3400 ·
326 3355 513 3452 amplexati
527 3369 624 3445 sunt,
640 3353 851 3450 dextrasque
867 3352 1032 3425 amicitiae
1047 3352 1304 3425 contendentes
1311 3356 1334 3445 ¹,
1347 3377 1385 3424 se

326 3485 453 3544 etsuos
471 3471 548 3568 ejus
571 3469 715 3542 servitio
740 3468 1027 3568 spoponderunt.
1059 3473 1131 3540 Nec
1155 3468 1270 3540 multo
1288 3456 1381 3568 post,

329 3602 364 3658 ut
379 3588 507 3660 divinae
517 3585 717 3658 ascribatur
731 3585 906 3658 voluntati
920 3585 1117 3683 impiorum
1136 3583 1337 3676 subversio,
1349 3599 1386 3656 et

366 3866 395 3921 t.
414 3860 567 3922 ththedt
581 3863 651 3935 tat,
662 3873 748 3938 atque
762 3857 830 3921 edd.
847 3857 950 3919 chesn.
970 3868 1001 3916 et
1013 3859 1113 3917 Germ.

368 3959 395 4015 2.
411 3954 521 4014 Lucani
533 3955 651 4026 Plars,
663 3953 716 4013 lib.
731 3957 755 4024 l,
772 3971 801 4012 v.
820 3953 849 4012 'l.

369 4052 396 4108 3.
415 4052 555 4106 llammu
569 4049 853 4108 satta-namma
868 4049 939 4104 135.
951 4077 991 4094 -
1002 4049 1130 4104 flammi
1144 4047 1222 4104 8925
1234 4056 1263 4104 et
1274 4045 1387 4106 tatto.

332 4145 416 4212 llnnr,
429 4141 531 4218 rnlgh
544 4147 699 4216 namerupt
707 4137 826 4219 (Auta).

371 4239 398 4294 l.
418 4237 500 4294 llunc
515 4237 618 4309 Coppy
636 4229 780 4311 (Somme).
806 4235 839 4290 ln
861 4230 991 4308 margine
1008 4229 1175 4290 chesnianae
1195 4227 1330 4290 editionis
1347 4228 1390 4286 le·

337 4338 453 4403 guntur:
466 4324 602 4384 hebertus
615 4327 652 4382 de
664 4329 787 4395 Perond,
799 4326 928 4381 domiuus
936 4327 1060 4399 Capiacr'
1065 4343 1076 4398 ,·
1084 4342 1148 4400 qnae
1158 4321 1302 4382 nescimus
1312 4320 1390 4381 unde

338 4417 423 4478 editor
436 4417 484 4478 ille
496 4415 638 4478 hauserit.

374 4515 400 4569 b.
422 4511 625 4570 contradentes
639 4509 708 4569 edd.
725 4509 831 4570 Chesn.
845 4529 879 4568 ac
893 4507 1042 4570 Benedict.
