3742 5667
471 749 517 806 nu
536 748 585 805 ua
605 734 887 808 coasscrmor
908 748 960 806 nn
981 748 1228 845 sams-onam.
1322 752 1381 811 sta

675 1118 868 1179 tirannus
900 1118 1027 1168 ALTER

458 1248 519 1313 DE
555 1246 964 1315 CONSECRATIONE
999 1245 1242 1315 ECCLESIAE

635 1390 788 1449 SANGTI
827 1388 1057 1452 moNst.

355 1620 390 1691 1.
425 1613 641 1688 Divinorum
666 1612 985 1714 humanorumque
1008 1602 1255 1715 disparitatem
1276 1617 1383 1691 unius

306 1744 343 1805 et
360 1730 551 1827 singularis
568 1755 790 1829 summoeque
806 1732 956 1803 rationis
978 1731 1030 1803 vis
1054 1731 1276 1804 admirabilis
1291 1758 1380 1805 con·

311 1846 553 1947 temperando
568 1863 753 1946 coaequat:
772 1862 809 1920 et
821 1873 901 1947 quae
917 1848 1063 1944 originis
1086 1850 1319 1922 inferioritate
1345 1863 1382 1921 et

308 1981 451 2037 naturae
465 1965 715 2038 contrarietate
728 1966 882 2037 invicem
895 1988 1095 2063 repugnare
1106 1965 1288 2052 videntur,
1305 1966 1381 2063 ipsa

309 2080 390 2153 sola
406 2080 514 2153 unius
531 2080 726 2180 superioris
747 2080 943 2155 moderatae
962 2082 1135 2155 armoniae
1159 2082 1377 2154 convenien-

309 2199 359 2272 tia
377 2214 477 2293 grata
498 2196 724 2297 concopulat.
735 2198 845 2295 Cujus
857 2197 1023 2296 proiecto
1035 2213 1379 2271 summaeetaeternae

308 2314 460 2387 rationis
486 2313 758 2414 participatione
780 2314 844 2411 qui
871 2313 1017 2409 gloriosi
1041 2313 1136 2386 effici
1159 2314 1377 2407 innituntur,

310 2432 441 2505 crebro
458 2432 497 2503 in
515 2430 605 2505 solio
618 2430 749 2503 mentis
765 2446 897 2527 argutae
913 2431 1013 2530 quasi
1034 2456 1100 2530 pro
1120 2429 1294 2503 tribunali
1316 2456 1379 2502 re-

310 2547 482 2639 sidentes,
498 2546 546 2620 de
560 2547 827 2620 concertatione
843 2547 1014 2620 continua
1030 2545 1200 2619 similium
1217 2561 1254 2619 et
1266 2545 1379 2619 dissi-

310 2659 468 2751 milium,
487 2674 524 2731 et
548 2658 812 2731 contrariorum
834 2657 1035 2731 inventioni
1057 2672 1093 2729 et
1111 2657 1250 2755 judicio
1272 2657 1377 2729 insis-

312 2788 414 2864 tunt3
442 2774 479 2846 in
507 2788 647 2847 aeternae
679 2774 859 2873 sapientiae
889 2773 1038 2845 rationis
1062 2772 1177 2863 fonte,
1206 2772 1378 2846 charitate

310 2890 549 2982 ministrante,
567 2888 664 2962 unde
677 2888 775 2963 bello
790 2890 961 2962 intestino
977 2904 1014 2962 et
1029 2887 1197 2962 seditioni
1214 2889 1378 2963 interiori

311 3004 500 3096 obsistant,
517 3004 708 3078 salubriter
721 3005 951 3094 exhauriunt,
974 3004 1170 3105 spiritualia
1186 3005 1378 3104 corporali-

313 3119 402 3212 bus,
435 3134 568 3192 aeterna
605 3120 855 3194 deficientibus
892 3137 1153 3222 praeponentes.
1186 3125 1378 3221 Corporeae

313 3236 550 3309 sensualitatis
570 3238 787 3310 exteriorum
809 3260 980 3309 sensuum
996 3236 1178 3310 molestias
1193 3252 1229 3309 et
1244 3241 1378 3335 gravis·-

314 3352 420 3424 simas
449 3352 611 3447 angarias
639 3365 863 3450 postponunt
885 3376 894 3420 ι
917 3349 965 3423 ab
993 3375 1118 3424 earum
1144 3354 1378 3452 oppressione

314 3467 446 3565 seipsos
466 3447 719 3555 sublevantes,
751 3466 1002 3539 solidissimam
1032 3469 1164 3539 mentis
1193 3469 1307 3542 aciem
1339 3470 1377 3542 in

313 3608 414 3683 spem
448 3600 587 3658 aeternae
619 3582 804 3679 infigentes
840 3582 1155 3675 remunerationis,
1186 3584 1374 3657 aetemitati

313 3714 456 3772 tantum
478 3698 637 3773 studiose
663 3698 925 3797 obsequuntur.
956 3697 1118 3770 Carnalia
1143 3698 1320 3773 desideria
1338 3701 1376 3772 in

313 3814 587 3888 admirationem
608 3830 644 3888 et
658 3814 900 3914 spectaculum
918 3812 1073 3887 aliorum
1089 3813 1375 3909 obliviscuntur3
1487 3904 1490 3916 Ι

315 3954 462 4003 summae
488 3931 636 4003 rationis
665 3930 736 4004 hoc
765 3929 893 4021 modo,
921 3944 957 4002 et
982 3944 1122 4002 aeternae
1146 3929 1377 4004 beatitudinis

315 4048 510 4137 consortio,
524 4048 758 4145 promittente
770 4047 956 4141 unigenito
973 4046 1040 4118 Dei
1056 4044 1133 4117 filio
1153 4074 1161 4116 ι
1178 4052 1223 4119 In
1230 4051 1377 4144 parcen»-

316 4166 367 4236 tia
378 4160 603 4263 possidebitis
617 4164 759 4234 ammas
769 4178 902 4234 vestras
915 4162 941 4253 ²,
959 4184 996 4232 se
1014 4160 1175 4255 gloriosae
1190 4163 1376 4235 conscien-

354 4363 382 4420 l.
398 4357 445 4420 Sic
456 4356 620 4417 intitulatur
629 4357 801 4440 opusculum
817 4357 893 4418 istud
904 4356 983 4436 apud
996 4354 1162 4419 Chesnium.

355 4455 385 4516 2.
398 4456 484 4514 Lucre
497 4454 698 4533 Erang.,xx1‚
717 4456 765 4513 19.
