3742 5667
628 792 693 847 vltt
713 792 763 847 DE
783 791 895 849 touls
914 793 961 849 tt
985 792 1092 852 GROS.
1369 798 1405 851 Π

344 921 604 996 machinatum.
629 927 847 1013 iterantem,
867 939 991 996 uterat
1004 924 1060 995 vir
1075 924 1209 998 militiae
1220 943 1337 1026 aptus,
1355 930 1407 1002 ul-

345 1039 428 1111 cisci
442 1040 481 1110 in
495 1065 581 1111 eum
602 1037 873 1137 frequentabat:
896 1056 933 1112 et
954 1065 1038 1112 cum
1062 1040 1184 1113 multis
1201 1040 1277 1115 aliis
1299 1042 1407 1119 baro-

350 1153 470 1247 nibus,
491 1171 570 1227 tum
589 1155 768 1228 avunculo
787 1182 853 1229 suo
872 1156 1004 1229 comite
1018 1156 1233 1230 Flandrense
1250 1160 1407 1236 Roberto

344 1272 473 1357 accito,
488 1273 566 1345 viro
576 1273 747 1364 mirabili,
757 1273 957 1346 christianis
971 1288 1007 1346 et
1016 1276 1218 1349 sarracenis
1227 1301 1248 1348 a
1257 1276 1408 1374 primor-

345 1388 407 1461 dio
424 1390 758 1488 Ilierosolymitanae
780 1390 844 1461 viae
867 1391 975 1463 armis
1004 1390 1257 1483 famosissimo,
1275 1407 1408 1464 terram

346 1508 423 1605 ejus
440 1507 656 1603 exponebat.
670 1508 784 1593 Unde,
805 1533 889 1579 cum
900 1506 1057 1605 quadam
1066 1507 1125 1581 die
1136 1507 1305 1580 Meldensi
1322 1510 1408 1581 civi-

347 1623 409 1694 tati
432 1622 631 1695 exercitum
656 1622 852 1694 induxisset
874 1636 1000 1695 contra
1029 1623 1217 1708 comitem,
1249 1624 1325 1695 viso
1349 1650 1406 1714 eo,

347 1732 518 1805 frendens
534 1734 571 1805 iu
586 1759 671 1805 eum
686 1748 721 1808 et
736 1756 819 1806 suos
836 1731 957 1804 insiliit
977 1760 986 1803 ε
1006 1758 1072 1805 nec
1089 1733 1255 1828 fugitivos
1275 1736 1409 1808 veritus

347 1875 410 1949 per
423 1865 574 1947 pontem
585 1849 738 1947 insequi,
748 1851 958 1948 prosternit,
973 1866 1008 1921 et
1018 1876 1100 1921 cum
1111 1851 1243 1923 comite
1252 1849 1409 1923 Roberto

346 1980 381 2037 et
397 1966 533 2037 caeteris
546 1965 646 2061 regni
658 1965 892 2065 optimatibus
908 1965 1046 2061 gladiis,
1064 1980 1175 2063 ponte
1186 1966 1404 2055 decidente’,

347 2080 517 2153 lluctibus
532 2081 696 2152 involvit.
710 2082 834 2151 Virum
843 2079 1050 2178 expeditum
1064 2086 1259 2153 Hectoreos
1270 2080 1410 2155 videres

346 2222 492 2269 movere
524 2198 686 2287 lacertos,
714 2222 821 2294 super
844 2213 994 2295 pontem
1020 2197 1212 2269 treuurlum
1229 2198 1410 2294 giganteos

346 2315 504 2411 impetus
519 2314 678 2399 actitare,
705 2312 864 2410 ingressu
890 2312 1109 2411 periculoso³
1126 2314 1204 2406 niti,
1223 2314 1410 2413 permultis

346 2429 584 2502 renitentibus
606 2429 728 2501 villam
753 2453 942 2526 occupare,
967 2430 1066 2526 quod
1084 2455 1149 2501 nec
1180 2430 1410 2529 interpositus

347 2569 499 2640 magnus
515 2548 683 2618 Maternae
705 2544 834 2616 fluvius
856 2543 1076 2641 prohiberet,
1103 2546 1130 2617 si
1156 2546 1408 2617 transflumen

349 2676 454 2760 porta
466 2662 585 2734 clausu
605 2686 677 2731 uon
693 2660 888 2733 restitisset.
913 2663 985 2731 Nec
1007 2661 1124 2733 miuus
1137 2661 1306 2758 praeclaro
1322 2660 1409 2732 laci-

351 2802 437 2848 nore
457 2777 676 2849 strenuitatis
705 2776 837 2849 samam
859 2776 1075 2866 nobilitavit,
1101 2801 1185 2848 cum
1212 2777 1409 2849 latiniaco*

347 2895 542 2965 exercitum
564 2918 726 2984 movens,
759 2892 918 2965 obvianti
940 2892 1088 2983 militiae,
1107 2894 1144 2965 in
1159 2896 1270 2987 grata·
1284 2906 1407 2988 prato·

347 3033 428 3079 rum
438 3008 587 3107 planitie
596 3008 697 3105 juxta
715 3013 952 3106 Pomponam,
966 3032 1065 3079 arma
1081 3009 1270 3099 convertit,
1290 3008 1409 3102 fugam

348 3123 502 3196 celerem
517 3122 634 3197 crebis
645 3122 813 3196 allectare
825 3124 918 3220 cogit
926 3122 1099 3221 colaphis.
1113 3125 1274 3211 Quicum
1288 3122 1409 3221 pontis

349 3241 505 3339 proximi
520 3243 653 3313 artum⁸
680 3239 921 3313 formidarent
940 3240 1143 3329 introitum,
1168 3238 1228 3310 alii
1248 3263 1285 3310 se
1302 3236 1410 3310 influ-

349 3373 470 3431 ctuare
485 3356 693 3453 gravissimo
705 3358 832 3430 mortis
850 3356 1012 3455 periculo
1024 3355 1166 3429 timidel
1185 3355 1410 3427 consulentes

260 3638 264 3651 Ι
387 3570 418 3624 1.
435 3563 662 3625 machinabatur
674 3568 746 3624 1271
754 3566 783 3622 0.

388 3663 420 3719 2.
442 3664 547 3737 Sponte
571 3661 732 3717 decidentes
754 3662 824 3720 543.
852 3663 1010 3734 -Sponte
1030 3660 1178 3715 decidente
1198 3659 1254 3715 133
1278 3667 1306 3715 et
1336 3655 1409 3719 edit.

349 3753 452 3814 chen.
470 3756 505 3811 V.
520 3752 608 3827 inira,
625 3751 655 3811 in
669 3752 819 3812 observat.

389 3852 418 3908 3.
431 3850 561 3906 Pericula
577 3852 677 3908 12110
688 3868 722 3907 ac
737 3846 807 3908 edit.
822 3846 925 3907 chesn.
939 3880 980 3891 -
993 3850 1125 3906 Perverse
1140 3844 1210 3904 edit.
1227 3846 1328 3905 Germ.

389 3946 419 4002 11.
440 3939 536 4019 Vulgo
556 3947 657 4019 Lagrp
677 3942 959 4017 [Setm-et-Mame).
983 3972 1025 3985 -·
1045 3942 1113 3997 llaeo
1135 3956 1232 3998 mense
1262 3935 1408 3999 decembri

349 4031 416 4094 anni
434 4037 506 4093 1111
526 4032 656 4104 ineunte,
669 4034 829 4094 secuudum
849 4031 1104 4112 Benedictinorum
1124 4030 1313 4103 senteutiam,
1338 4049 1408 4091 ere-

352 4146 467 4194 uerunt.

389 4232 419 4289 ll.
433 4234 554 4307 Ingrata
567 4229 626 4289 135
640 4237 668 4286 et
681 4228 751 4285 513.

389 4324 419 4381 6.
438 4314 539 4380 Arriam
551 4340 607 4402 pro
619 4333 729 4378 arreum
741 4332 867 4399 quatuor
879 4318 1059 4397 <reddatque
1072 4318 1141 4380 edit.
1157 4316 1411 4379 benedict-Ar-

351 4415 580 4489 cmnmendose,
596 4417 655 4474 135
668 4425 696 4474 et
708 4411 778 4472 edit.
790 4415 889 4474 Germ.
902 4443 941 4458 -
954 4416 1089 4485 drentem,
1101 4410 1203 4491 prave,
1217 4408 1288 4469 edit.
1302 4408 1410 4470 Cb'esn.

391 4515 421 4569 7.
436 4510 558 4570 Tumide
572 4512 642 4569 135.
