3742 5667
618 766 681 823 vlu
701 766 751 823 DE
771 764 884 823 Lotus
904 765 951 822 LE
972 764 1080 823 GROS.
1264 828 1271 849 ,
1339 768 1376 824 79

313 897 527 970 Carnotensi
543 920 634 996 pago
650 896 858 988 demolitur,
876 921 943 969 nec
963 897 1039 995 ejus
1058 898 1282 995 praesentiam
1298 898 1378 997 plus

311 1011 494 1105 absentia,
513 1039 581 1087 nec
609 1013 808 1086 absentiam
831 1012 913 1112 plus
936 1014 1122 1118 praesentia
1142 1014 1374 1112 appretiatur.

313 1133 478 1227 Cumque
510 1153 633 1201 comes
658 1128 949 1202 insufficientiam
984 1144 1021 1201 et
1042 1130 1209 1201 inertiam
1229 1154 1378 1203 suorum

313 1244 539 1338 formidaret,
555 1246 628 1343 regi
652 1244 805 1319 barones
824 1270 908 1317 suos
932 1246 1112 1344 surripere
1139 1244 1379 1336 callet,'donis

311 1376 346 1431 et
359 1363 547 1459 promissis
561 1387 623 1434 eos
636 1360 811 1453 alliciens,
832 1376 868 1433 et
887 1360 1109 1433 diversarum
1134 1362 1377 1459 querimonia-

311 1502 393 1549 rum
410 1503 515 1579 spem
531 1478 779 1569 restitutionis,
795 1493 1084 1575 antequamcum
1101 1502 1183 1573 rege
1199 1478 1305 1557 faciat
1318 1502 1380 1577 pa-

310 1618 390 1667 cem
406 1596 676 1694 repromittens.
694 1599 793 1667 Inter
804 1619 896 1692 quos
910 1594 1140 1667 Lancelinum
1164 1594 1351 1667 Bulensem
1365 1594 1376 1629 ¹

311 1711 449 1782 Domni
465 1710 624 1783 Martini'
636 1711 841 1800 dominum,
859 1714 1042 1805 Paganum
1056 1710 1102 1781 de
1116 1714 1236 1782 Monte
1258 1712 1375 1802 Gaio',

311 1850 473 1923 quorum
490 1842 585 1900 terra
603 1827 706 1925 quasi
722 1827 759 1897 in
776 1825 875 1898 bivio
891 1825 1021 1925 posita,
1041 1852 1209 1899 securum
1223 1828 1379 1923 agitandi

313 1938 490 2010 Parisinm
506 1940 708 2038 porrigeret
730 1963 927 2032 accessum,
944 1934 1147 2035 obligavit⁸.⁴
1160 1943 1233 2011 Hac
1252 1940 1377 2012 eadem

311 2078 418 2126 musa
436 2054 631 2128 Radullum
650 2054 696 2127 de
716 2054 968 2151 Balgentiaco⁵,
986 2080 1069 2125 cum
1088 2055 1279 2152 conjugem
1296 2082 1378 2153 ger·

311 2196 460 2242 manam
476 2187 665 2269 cognatam
681 2171 788 2267 regis,
807 2172 969 2264 Hugonis
991 2171 1110 2266 magni
1124 2170 1248 2265 filiam,
1266 2172 1379 2245 habe-

312 2302 377 2375 ret,
393 2286 524 2381 illexit3
536 2305 572 2361 ct
588 2288 674 2361 utile
684 2290 918 2387 praeponens'
930 2288 1085 2360 honesto
1102 2287 1375 2387 (utproverbia-

311 2402 394 2476 liter
428 2403 500 2476 dici
544 2405 647 2496 solet,
675 2403 842 2476 stimulus
877 2429 988 2476 anum
1028 2404 1232 2504 accelerat),
1264 2406 1378 2479 multa

313 2519 520 2595 stimulatus
540 2522 728 2609 anxietate,
749 2520 909 2594 nobilem
925 2546 1087 2593 sororem
1103 2518 1248 2621 [suam]'
1267 2524 1380 2595 inces-

313 2650 417 2708 tuoso
433 2636 670 2709 matrimonio
687 2635 810 2708 Miloni
826 2636 872 2708 de
890 2640 1012 2709 Monte
1026 2637 1177 2728 Lelrerii,
1199 2639 1256 2711 cui
1272 2663 1378 2737 supra

313 2753 595 2827 memoravimus
611 2776 732 2849 regem
748 2767 903 2823 castrum
915 2751 1126 2844 reddidisse,
1143 2753 1380 2829 irreverenter

313 2868 602 2968 copulavit.Quo
611 2868 704 2941 facto
714 2882 749 2940 et
757 2868 1378 2967 commeantiuminterrupitoppor-

314 2986 519 3076 tunitatem,
532 3000 569 3058 et
583 3001 755 3083 tanquam
769 2985 805 3055 in
815 2986 894 3081 ipso
902 2984 1025 3056 medio
1035 2985 1187 3057 Franciae
1201 2985 1375 3078 conclavi,

314 3102 557 3201 procellarum
574 3117 610 3173 et
623 3126 832 3198 grrerrarum
845 3098 977 3173 locavit
996 3101 1178 3198 antiquam
1198 3102 1378 3201 importu-

314 3220 476 3292 nitatem.
496 3224 540 3290 Et
554 3217 642 3289 dum
663 3241 748 3288 cnm
762 3240 806 3288 eo
821 3230 1005 3311 cognatos,
1024 3220 1216 3311 Hugonem
1234 3216 1280 3289 de
1296 3220 1379 3290 Cas·

315 3332 399 3405 tello
410 3334 513 3406 Forti
527 3334 806 3422 Creciacensem,
827 3345 863 3402 et
877 3330 1085 3403 Gnidonem
1106 3331 1151 3404 de
1167 3336 1267 3431 Rupe
1278 3334 1378 3406 Forti

314 3449 474 3548 surripit,
487 3474 622 3547 pagum
638 3449 871 3519 Parisiensem
884 3463 921 3520 et
936 3450 1185 3547 Stampensen,
1205 3450 1235 3521 si
1252 3450 1377 3523 militia
1416 3518 1423 3534 ,

314 3590 387 3639 non
418 3564 670 3665 prohibeatur,
699 3564 835 3661 guerris
860 3564 1019 3663 exponit.
1054 3567 1098 3635 Et
1127 3563 1215 3637 dum
1255 3565 1380 3639 comiti

355 3766 385 3826 l.
399 3766 484 3823 Nunc
496 3768 584 3823 Butes
597 3760 699 3844 (oisc).
710 3764 787 3820 —2.
801 3766 984 3820 Dommmt'n
995 3762 1278 3843 (Scine-enMame).

355 3863 386 3920 3.
401 3864 523 3937 Montge
536 3854 826 3936 (Scine-et-Marne).

356 3956 386 4013 «l.
401 3957 542 4030 Alligavit
555 3950 623 4011 edd.
639 3952 741 4011 Germ.
758 3961 788 4009 et
802 3948 909 4010 Chcsn.

356 4050 385 4107 5.
398 4047 553 4121 flodulfum
571 4049 608 4103 de
624 4051 818 4124 Bcugentr'aro
838 4047 947 4103 tatio.
963 4079 1004 4090 -
1022 4042 1075 4103 Hic
1097 4055 1141 4103 est
1156 4042 1329 4125 Rodulphos
1348 4048 1373 4125 l,

318 4138 462 4199 lancelini
473 4143 501 4199 Π
518 4138 606 4199 lilius.

357 4239 385 4295 6.
407 4240 576 4312 Praeponens
592 4232 670 4293 solus
689 4235 798 4307 tatto,
814 4230 940 4311 itemque
957 4233 1026 4297 edd.
1048 4232 1152 4295 chesn.
1171 4250 1206 4291 ac
1226 4232 1376 4294 Benedict.

319 4360 358 4372 -
370 4332 531 4404 Proponens
542 4340 671 4406 quatuor
685 4323 790 4403 reliqui
804 4325 919 4385 codices
930 4338 960 4386 et
970 4324 1042 4386 edit.
1055 4328 1156 4389 Germ.

356 4413 385 4480 7.
395 4424 481 4481 Suam
494 4421 609 4480 addunt
621 4416 810 4480 Benedictini.
826 4424 869 4478 De
883 4419 940 4479 lroc
956 4420 1153 4493 matrimonio,
1168 4420 1205 4480 ab
1223 4420 1377 4481 aumritate

320 4513 467 4595 apostolica
480 4514 635 4588 dissoluto,
649 4514 717 4575 ride
731 4517 784 4573 Art
796 4514 834 4571 de
847 4516 931 4590 veris.
948 4518 988 4572 les
1003 4516 1096 4587 dates,
1114 4516 1153 4587 11,
1169 4516 1237 4574 697.
