3742 5667
520 787 878 849 scmtuclssuttsuts
898 788 947 846 ET
966 787 1255 851 OBSERVATIONS.
1362 790 1416 851 iii

335 918 485 1008 princes
498 920 724 1012 d'Angleterre
737 943 820 1012 pour
831 920 911 1011 qu’il
922 919 968 986 uit
980 945 1025 1011 pu
1036 920 1185 989 s'eoerter
1200 925 1218 987 ὲ
1231 923 1305 990 leur
1315 923 1419 990 deoi-

336 1041 447 1090 ment
460 1023 502 1092 de
513 1023 647 1092 l’exuote
661 1022 773 1091 verite.

421 1310 510 1378 Peos
528 1313 602 1376 115.
616 1311 715 1376 Beato
729 1311 884 1397 Dionysio
897 1324 928 1376 et
939 1318 1079 1378 restituit
1093 1324 1125 1377 et
1136 1312 1351 1400 confirmavit.

398 1549 445 1614 La
472 1545 652 1612 restitutiou
686 1545 729 1612 du
759 1547 884 1637 prieure
912 1526 1133 1637 d'ssgenteuil
1161 1554 1180 1612 s
1204 1548 1350 1641 l’ubbaye
1379 1551 1420 1618 de

346 1647 563 1716 Saiut-Denis
588 1665 635 1715 est
656 1648 697 1716 de
722 1647 848 1714 l’eunt'ee
873 1655 969 1716 1129.
998 1651 1042 1714 Ge
1065 1656 1246 1717 monestere
1266 1655 1350 1718 avait
1370 1657 1420 1720 ete

346 1749 455 1818 fonde
471 1774 547 1818 sous
559 1750 589 1816 le
605 1757 704 1842 regne
721 1749 762 1817 de
776 1748 916 1816 Clotuire
932 1752 991 1832 111,
1013 1767 1045 1815 et
1063 1751 1173 1818 donne
1186 1775 1249 1818 oux
1267 1753 1420 1847 religieux

349 1854 397 1921 de
413 1852 630 1920 Soiut-Deuis.
647 1851 1102 1944 L'empereurCharlemogne,
1117 1853 1250 1920 roulant
1261 1857 1422 1923 seconder

347 1954 567 2022 l'iuolinution
591 1955 631 2020 de
652 1946 687 2020 iu
711 1954 775 2021 fitle
793 1953 986 2020 Theodrude
1007 1979 1092 2047 pour
1110 1954 1143 2022 lu
1162 1954 1212 2022 vie
1231 1957 1417 2048 religieuse,

348 2058 398 2149 l'y
414 2058 527 2124 etublit
543 2081 619 2123 avec
632 2056 784 2147 quelques
795 2059 909 2143 jeunes
925 2055 1019 2137 filies,
1038 2054 1120 2122 dont
1139 2055 1162 2122 ii
1176 2057 1206 2122 lu
1220 2059 1256 2124 iit
1268 2059 1417 2125 ubbesse.

351 2163 445 2227 Cette
462 2159 634 2251 princesse,
657 2157 712 2248 qui
737 2156 925 2248 gouvernsit
944 2159 974 2224 le
993 2165 1176 2226 monestere
1193 2183 1233 2224 en
1249 2166 1419 2241 Μαου-
1532 2147 1538 2160 ’

350 2261 423 2328 lant
440 2284 567 2328 ussuoer
583 2260 613 2326 le
627 2277 737 2326 retour
750 2259 791 2326 de
805 2259 835 2326 la
858 2262 1021 2350 propriett'e
1039 2267 1058 2326 s
1076 2284 1126 2327 ses
1144 2285 1342 2351 possesseurs
1352 2262 1419 2354 pti-

351 2360 453 2428 mitifs
466 2367 557 2452 apres
570 2385 602 2427 sa
618 2377 717 2440 mort,
735 2361 855 2443 obtint,
870 2360 935 2427 l’uu
952 2369 1028 2440 828,
1051 2384 1097 2426 un
1112 2360 1255 2453 diplome
1270 2361 1311 2428 de
1327 2362 1420 2428 l’em-

218 2543 224 2552 .
351 2485 470 2552 pereur
480 2459 577 2527 Louis
592 2461 623 2527 le
640 2463 860 2546 Dibonnaire,
880 2485 939 2528 son
955 2461 1056 2543 frere,
1075 2466 1216 2527 annunt
1231 2462 1421 2552 qu'eussitot

353 2569 446 2655 apres
460 2586 520 2630 son
542 2562 637 2630 de'oes
661 2579 713 2630 eet
733 2564 847 2630 auden
865 2563 993 2655 prieure
1006 2564 1106 2631 seruit
1122 2563 1225 2631 rendu
1240 2571 1259 2630 ὲ
1272 2565 1421 2658 l‘sbbuye

354 2666 395 2732 de
424 2664 646 2745 Suint-D'enis,
666 2665 792 2732 suivant
820 2665 1006 2733 l’iutention
1028 2666 1227 2733 d'Ermenrio
1253 2681 1287 2734 et
1315 2666 1356 2733 de
1385 2690 1420 2734 sa

352 2770 489 2850 femme,
520 2767 577 2859 qui
597 2768 748 2834 l’ovoient
774 2768 842 2835 biti
866 2792 920 2835 sur
948 2768 1018 2836 leur
1041 2791 1159 2860 propre
1187 2785 1282 2835 terre.
1312 2769 1420 2834 Theo-

354 2871 454 2939 drude
468 2873 557 2937 etant
570 2871 799 2950 morte,l'ubbe
810 2870 946 2937 Hilduiu
959 2870 1064 2950 luisse,
1079 2895 1140 2963 par
1152 2871 1324 2950 tolerunce,
1339 2871 1419 2937 sub·

353 2977 446 3042 sister
459 2975 490 3041 le
505 2990 643 3040 convent
660 2971 701 3040 de
718 2973 913 3064 religieuses,
929 2978 949 3039 u
967 2973 999 3039 lu
1019 2972 1188 3040 condition
1206 2973 1285 3064 qu'il
1301 2974 1421 3041 releve-

352 3079 414 3144 ruit
433 3077 474 3145 de
490 3075 712 3156 Saint-Deuis,
735 3077 816 3142 dont
835 3076 865 3141 le
885 3075 972 3142 droit
989 3076 1066 3142 etsit
1085 3100 1146 3169 pur
1165 3075 1194 3142 ii
1211 3077 1418 3167 seuvegurde.

352 3180 441 3246 Tulle
453 3181 530 3246 ituit
543 3178 573 3244 lu
586 3177 739 3245 situation
752 3177 930 3271 respective
947 3177 1005 3244 des
1019 3179 1104 3245 deux
1116 3178 1271 3260 maisons,
1291 3178 1420 3268 lorsque

352 3283 462 3374 Suger,
488 3281 641 3372 profitunt
660 3281 718 3348 des
741 3279 910 3348 desordres
933 3279 1127 3348 scauduieux
1154 3281 1196 3348 de
1223 3280 1304 3348 celle
1321 3281 1419 3349 d'Ar·

352 3384 491 3475 genteuil
503 3407 579 3451 sous
590 3382 1057 3451 lamuuvuiseudministrutiou
1069 3383 1420 3475 d'He'loise,qui,epres

351 3489 475 3578 yuvoir
494 3486 546 3552 ete'
559 3487 677 3566 eleves,
691 3510 713 3576 y
726 3485 813 3552 uvuit
823 3486 873 3551 ete
884 3490 1034 3552 remense
1052 3509 1112 3577 pur
1125 3483 1280 3552 Abaitard
1293 3483 1348 3549 dix
1362 3508 1420 3551 uus

351 3604 548 3681 supererunt
558 3607 591 3656 et
605 3613 647 3656 eu
659 3587 736 3655 etuit
753 3589 897 3656 deveuue
910 3589 1050 3680 prieurs,
1065 3586 1238 3666 demands,
1257 3592 1277 3651 u
1293 3585 1420 3653 insuite

351 3692 409 3790 (ies
430 3690 567 3783 pleintes
596 3691 760 3758 adresse'es
784 3713 825 3757 uu
843 3714 927 3782 pape
946 3705 1059 3756 contre
1086 3688 1133 3755 les
1155 3687 1338 3779 religieuses
1360 3712 1421 3780 pur

350 3793 500 3876 Etienne,
518 3799 640 3883 estque
657 3793 808 3874 dePeris,
819 3815 882 3884 que
894 3816 929 3860 su
941 3797 1171 3860 commuuuute
1186 3791 1236 3857 fut
1246 3789 1362 3858 remise
1378 3814 1419 3857 en

349 3897 529 3987 possession
543 3896 584 3962 de
596 3911 647 3962 oet
659 3896 908 3963 e‘tablissemeut.
921 3897 976 3962 Un
985 3894 1121 3978 oouoile,
1133 3893 1272 3986 preside,
1287 3893 1421 3960 &Saint-

351 3997 687 4082 Germain-des-Prss,
703 4021 762 4089 pur
779 3997 811 4063 le
828 3997 916 4088 legat
936 3995 1151 4089 apostolique,
1173 4011 1206 4061 et
1219 4003 1262 4061 ou
1279 4017 1313 4061 se
1327 4009 1421 4061 trou-

350 4100 461 4168 virent
482 4099 529 4166 ies
552 4099 690 4189 &seques
704 4095 850 4166 Geoffroi
868 4098 910 4164 de
931 4099 1094 4178 Clientes,
1112 4081 1250 4164 litienne
1263 4094 1305 4162 de
1317 4095 1417 4180 Puris,

350 4201 463 4270 Gosliu
482 4202 524 4270 de
543 4201 702 4285 Soissons,
718 4200 869 4268 Reinuud
891 4201 932 4267 de
952 4200 1076 4283 Reims,
1093 4200 1242 4268 examina
1258 4199 1304 4266 les
1322 4198 1419 4292 grieis

351 4297 497 4372 articules
513 4321 626 4372 ooutre
640 4303 687 4371 les
704 4304 887 4398 religieuses
897 4319 931 4371 et
940 4303 988 4372 les
1002 4303 1225 4372 re'olumutions
1240 4303 1283 4370 de
1294 4303 1415 4396 sugere

350 4409 475 4476 iesous
495 4425 529 4476 et
546 4408 592 4476 les
614 4423 720 4476 autres
740 4426 837 4501 ayunt
855 4413 907 4476 ete
927 4431 1088 4476 reoonuus
1100 4405 1227 4491 tonde,
1243 4406 1276 4474 le
1290 4407 1419 4498 prieurs

355 4509 405 4578 fut
417 4511 513 4578 nmis
527 4510 664 4580 stubbs
681 4510 722 4577 de
739 4511 961 4593 saint-Deoia,
978 4535 1054 4580 aveo
1066 4507 1363 4584 recommendation
1377 4507 1418 4583 ds
