3742 5667
484 741 541 797 teo
696 748 860 807 marnes
880 730 1096 805 contraires
1117 744 1167 833 na
1187 742 1318 801 suurn.

483 870 756 968 amministrant,
771 891 807 950 et
831 876 986 949 carrucis
1010 873 1122 947 boves
1144 886 1181 944 et
1201 870 1398 943 necessaria
1418 870 1553 943 omnia

483 987 738 1084 suppeditant;
766 987 1031 1090 propterquod
1056 986 1150 1059 furni
1180 984 1362 1058 redditum
1388 984 1548 1057 habent.

534 1105 604 1174 Nos
637 1129 722 1177 vero
751 1131 899 1179 censum
926 1119 1107 1194 nostrum,
1138 1116 1173 1173 et
1200 1116 1482 1189 tensamentum,
1506 1112 1553 1173 et

485 1230 646 1290 mortuas
661 1243 803 1314 manus,
819 1235 855 1292 et
868 1218 1061 1309 forisfacto,
1076 1232 1112 1290 et
1123 1216 1257 1289 talliam
1274 1241 1343 1316 pro
1360 1218 1550 1289 voluntate

486 1346 606 1404 nostra
635 1332 823 1408 habemus.
854 1334 924 1407 Ubi
951 1335 1213 1407 incrementum
1239 1357 1390 1405 annonae
1413 1347 1551 1431 quater

484 1446 609 1543 viginti
632 1465 668 1522 et
689 1450 816 1525 decem
839 1450 1048 1525 modiorum
1070 1450 1241 1523 consistit.
1261 1449 1406 1520 Curiam
1421 1464 1550 1521 autem

486 1564 671 1661 antiquam
685 1592 792 1640 muro
808 1568 998 1654 cinximus,
1021 1566 1172 1641 domum
1189 1564 1345 1639 eoclesiae
1369 1564 1549 1637 inhaeren·

485 1692 560 1750 tem
576 1705 669 1778 pene
686 1681 942 1757 defensabilem
955 1681 1092 1755 ibidem
1109 1681 1304 1770 ereximus3
1325 1706 1396 1779 qua
1423 1682 1547 1753 muni-

486 1794 583 1868 tione
596 1822 817 1871 successores
827 1800 941 1871 nostri
956 1813 991 1870 et
1001 1823 1084 1871 suos
1092 1812 1127 1869 et
1138 1822 1214 1889 sua,
1231 1798 1260 1869 si
1273 1795 1403 1896 placet,
1417 1812 1546 1871 contra

486 1933 635 1983 omnem
643 1912 784 1986 hostem
798 1913 992 1987 defendere
1016 1928 1200 2013 poterunt.
1222 1994 1225 1999 ,

572 2164 634 2234 IIl.
655 2166 709 2233 De
724 2166 992 2262 recuperatione
1009 2162 1289 2263 Argentoilensis
1310 2159 1471 2235 abbatiae.

537 2365 629 2436 Cum
647 2378 748 2437 aetate
767 2363 915 2437 docibili
937 2364 1185 2438 adolescentiae
1201 2389 1289 2437 meae
1304 2362 1469 2461 antiquas
1488 2388 1549 2436 ar-

489 2481 594 2551 marii
623 2482 887 2578 possessionum
917 2482 1141 2556 revolverem
1161 2496 1289 2573 cartas,
1320 2494 1356 2553 et
1382 2481 1550 2553 immuni·

490 2610 605 2669 tatum
621 2595 742 2670 biblos
766 2613 916 2696 propter
941 2597 1140 2671 multorum
1162 2597 1464 2670 calumniatorum
1479 2598 1549 2667 im·

489 2710 685 2809 probitates
703 2712 978 2810 frequentarem,
1006 2712 1135 2787 crebro
1157 2712 1324 2785 manibus
1337 2711 1550 2785 occurrebat

491 2823 537 2898 de
561 2827 728 2901 coenobio
750 2827 1006 2924 argentoilensi
1033 2828 1252 2902 fundationis
1271 2842 1370 2900 carta
1393 2824 1439 2897 ab
1457 2830 1548 2897 Her·

491 2942 652 3016 meurico
668 2958 704 3017 et
718 2944 869 3041 conjuge
884 2943 960 3041 ejus
976 2948 1143 3037 Numma,
1161 2946 1280 3042 inqua
1295 2940 1551 3016 continebatur

492 3056 592 3153 quod
617 3084 638 3129 a
661 3074 822 3158 tempore
844 3058 960 3158 Pipini
981 3061 1071 3155 regis
1095 3058 1192 3133 beati
1225 3058 1382 3157 Dionysii
1407 3056 1551 3130 abbatia

492 3173 667 3245 extiterat.
699 3173 769 3246 Sed
801 3173 957 3274 quadam
975 3176 1161 3249 occasione
1188 3188 1394 3248 contractus
1410 3175 1548 3245 incom-

494 3287 606 3379 modi,
626 3290 663 3360 in
682 3303 843 3389 tempore
859 3291 981 3363 Karoli
996 3293 1113 3387 Magni
1130 3290 1193 3363 filii
1206 3290 1296 3387 ejus,
1310 3290 1461 3363 alienata
1477 3292 1553 3361 sue«

492 3419 559 3475 rat.
602 3404 769 3478 Praefatus
800 3407 897 3479 enim
922 3408 1117 3506 imperator
1146 3423 1186 3479 ut
1222 3406 1404 3505 quandam
1440 3404 1551 3477 filiam

494 3545 609 3614 ruam,
626 3522 898 3594 matrimonium
921 3522 1122 3595 humanum
1152 3536 1396 3609 recusantem,
1415 3519 1550 3594 ibidem

493 3635 709 3709 abbatissam
725 3637 1048 3710 sanctimonialium
1067 3639 1311 3729 constitueret,
1331 3662 1375 3709 eo
1391 3650 1495 3736 pacto
1512 3650 1552 3708 ut

493 3767 574 3849 post
605 3767 758 3825 mortem
774 3753 852 3849 ,ejus
868 3755 904 3825 in
931 3779 1036 3826 usum
1061 3753 1214 3827 ecclesiae
1228 3767 1480 3844 reverteretur,
1502 3752 1549 3823 ab

494 3866 625 3940 abbate
648 3884 685 3941 et
703 3868 870 3941 fratribus
891 3868 1109 3942 obtinuerat.
1133 3868 1203 3941 Sed
1229 3868 1430 3941 turbatione
1452 3868 1552 3964 regni

495 3980 651 4057 filiorum
671 3983 736 4054 filii
749 3983 838 4081 ejus,
856 3982 1020 4055 videlicet
1039 3983 1210 4056 Ludovici
1225 3984 1287 4075 Pii,
1306 3982 1551 4073 altercatione,

496 4099 730 4196 quoadusque
747 4100 1001 4199 supervixerat,
1019 4100 1142 4200 perfici
1159 4123 1232 4172 nou
1248 4099 1378 4196 potuit.

544 4216 647 4289 Unde
661 4242 743 4290 cum
752 4232 993 4289 antecessores
1002 4216 1245 4315 nostrisaepius
1255 4238 1361 4314 super
1370 4212 1442 4287 hoc
1455 4213 1553 4288 labo·

494 4347 613 4405 rantes
621 4357 749 4433 parum
761 4332 1007 4433 profecissent,
1018 4332 1282 4406 communicato
1290 4329 1552 4405 cumfratribus

496 4433 628 4523 nostris
650 4448 813 4542 consilio,
842 4450 992 4522 nuncios
1008 4464 1163 4548 ‘nostros
1190 4461 1227 4519 et
1249 4464 1364 4523 cartas
1389 4450 1552 4548 antiquas
