3742 5667
486 789 524 846 ar
702 772 867 844 muvnns
889 770 1103 845 couruuas
1123 786 1173 843 ua
1187 786 1324 846 suern.

484 944 547 991 rex
563 922 784 991 Francorum
795 917 1012 1010 LudovicuS,
1027 944 1068 990 ea
1080 942 1152 1016 qua
1165 918 1453 1016 supereminebat
1469 918 1546 1014 regi

484 1034 679 1132 anglorum
703 1032 860 1131 ducique
890 1038 1177 1108 Normannorum
1208 1035 1363 1108 Henrico
1381 1033 1545 1107 sublimi-

485 1162 569 1241 tate,
588 1151 626 1223 in
640 1174 724 1222 eum
744 1174 885 1249 semper
900 1165 1072 1249 tanquam
1083 1152 1120 1223 in
1137 1150 1323 1224 feodatum
1341 1175 1445 1222 suum
1459 1148 1546 1221 effe·

483 1266 644 1339 rebatur.
675 1271 747 1340 ilex
771 1292 859 1339 vero
885 1257 1093 1365 anglorum,
1111 1283 1146 1341 et
1170 1270 1271 1365 regni
1301 1266 1484 1340 nobilitate
1507 1280 1546 1337 et

485 1382 693 1456 divitiarum
710 1384 892 1481 opulentia
909 1384 1062 1457 mirabili
1080 1385 1323 1457 inferioritatis
1342 1384 1543 1482 impatiens,

483 1498 654 1594 suffragio
676 1502 817 1597 nepotis
836 1499 1033 1574 Theobaldi
1053 1501 1200 1601 palatini
1229 1498 1371 1573 comitis
1397 1515 1433 1571 et
1453 1497 1545 1569 mul-

485 1628 606 1686 torum
628 1616 728 1711 regni
751 1615 976 1708 emulorum,
996 1633 1038 1689 ut
1058 1617 1134 1714 ejus
1154 1615 1318 1687 dominio
1342 1612 1543 1709 derogaret,

484 1753 634 1825 regnum
656 1755 901 1825 commovere,
923 1757 1044 1829 regem
1066 1731 1209 1804 turbare
1229 1729 1423 1804 nitebatur.
1446 1730 1547 1801 Reci-

484 1861 655 1945 procatur
676 1846 783 1943 igitur
799 1849 893 1921 inter
908 1873 970 1920 eos
984 1848 1213 1946 antiquarum
1229 1869 1437 1942 guerrarum
1454 1844 1546 1917 reci-

485 1960 568 2033 diva
584 1961 729 2055 malitia,
749 1964 838 2036 dum
852 1988 915 2036 rex
930 1964 1062 2062 Angliae
1076 1988 1161 2037 cum
1174 1964 1306 2036 comite
1322 1960 1543 2051 Theobaldo,

484 2078 656 2175 quoniam
677 2104 739 2152 eos
763 2081 993 2153 Normannici
1011 2096 1047 2153 et
1071 2080 1296 2153 Carnotensis
1317 2078 1398 2178 pagi
1413 2101 1547 2150 conco·

483 2192 633 2291 pulabat
657 2194 823 2288 affinitas,
844 2197 1057 2297 'proximam
1080 2197 1174 2293 regis
1204 2193 1402 2267 marchiam
1426 2194 1546 2291 impu-

484 2333 593 2405 gnare
626 2326 859 2404 concertant;
888 2313 1058 2385 comitem
1087 2310 1367 2385 Moritoilensem
1397 2308 1549 2407 Stepha-

485 2448 574 2496 num
583 2435 607 2517 ¹,
635 2426 783 2499 alterius
810 2427 969 2520 tratrem,
1004 2429 1149 2501 alterius
1178 2440 1360 2527 nepotem,
1391 2423 1438 2496 ad
1461 2406 1548 2497 alias

484 2556 619 2639 partes,
645 2542 810 2615 videlicet
838 2544 1048 2635 briensium,
1076 2569 1160 2617 cum
1185 2542 1338 2615 exercitu
1364 2530 1547 2613 transmit·

482 2672 577 2749 tunt,
605 2657 838 2732 formidantes
860 2686 906 2732 ne
930 2660 1089 2733 absentia
1114 2660 1255 2733 comitis
1288 2673 1419 2730 terram
1447 2656 1547 2729 illam

484 2768 604 2844 subito
620 2796 681 2845 rex
696 2790 899 2873 occuparet.
918 2777 989 2863 Qui
1004 2800 1071 2848 nec
1083 2776 1311 2865 Normannis,
1330 2798 1397 2845 nec
1414 2775 1548 2845 Carno-

484 2888 657 2977 tensibus,
685 2914 751 2962 nec
780 2892 886 2963 etiarn
923 2893 1127 2967 Briensibus
1155 2917 1302 2992 parcere
1333 2890 1544 2982 sustinebat,

484 3028 567 3075 cum
587 3004 623 3075 in
644 3021 882 3116 utrorumque
901 3008 1025 3080 medio
1043 3024 1214 3106 tanquam
1231 3010 1268 3080 in
1291 3006 1426 3079 circino
1447 3004 1545 3104 posi-

484 3133 555 3210 tus,
572 3119 683 3193 modo
709 3121 745 3192 in
771 3122 870 3214 istos,
893 3123 1005 3196 modo
1026 3126 1064 3196 in
1094 3125 1176 3198 illos
1199 3140 1376 3197 terrarum
1401 3122 1548 3219 dissipa·

484 3234 594 3328 tione,
611 3236 741 3308 crebro
759 3237 867 3309 etiam
879 3236 1063 3333 conflictu,
1082 3241 1185 3336 regiae
1201 3240 1394 3338 majestatis
1406 3238 1547 3308 animo-

482 3349 622 3422 sitatem
657 3350 891 3427 declaraverit
901 3357 925 3427 ³.
961 3358 1096 3427 Verum
1133 3356 1217 3455 quia
1252 3358 1546 3427 Normannorum

482 3467 653 3557 marchia,
673 3483 747 3539 tam
766 3493 892 3566 regum
911 3471 1106 3567 Anglorum
1124 3498 1235 3570 quam
1254 3474 1546 3543 Normannorum

482 3582 619 3655 ducum
633 3582 746 3655 nobili
761 3584 999 3683 providentia,
1020 3602 1056 3659 et
1080 3611 1259 3659 novorum
1280 3584 1457 3685 positione
1472 3608 1547 3655 cas-

482 3712 636 3790 trorum,
649 3712 691 3809 ⁸et
715 3698 997 3773 invadabilium·
1029 3701 1221 3774 fluminum
1249 3699 1417 3784 decursu,
1445 3714 1546 3771 extra

484 3813 570 3885 alias
589 3813 812 3909 cingebatur,
834 3842 908 3906 rex,
928 3818 1012 3914 quia
1034 3818 1090 3889 his
1110 3818 1273 3909 callebat,
1292 3817 1481 3889 transitum
1505 3816 1544 3887 in

481 3930 735 4002 Normanniam
745 3930 813 4002 sibi
827 3931 1012 4025 affectans,
1023 3957 1107 4005 cum
1123 3957 1236 4031 pauca
1245 3932 1401 4004 militum
1415 3955 1540 4023 manu,

522 4154 552 4209 l.
575 4150 766 4229 Stephanum,
781 4151 896 4211 tertium
910 4151 1000 4213 lilium
1015 4151 1165 4233 Stephani,
1178 4151 1251 4213 sexti
1264 4150 1376 4211 comitis
1389 4146 1543 4228 blesensis,

480 4240 614 4302 comitem
630 4242 871 4304 Moretonieusem
887 4250 1076 4324 (Mortain)et
1090 4251 1190 4327 postea
1207 4236 1421 4306 boloniensem.

520 4342 552 4400 2.
567 4340 767 4397 Declaraoerat
784 4340 852 4411 1³5,
867 4350 954 4419 atque
968 4340 1036 4403 edd.
1051 4342 1149 4401 Germ.
1166 4352 1195 4400 et
1209 4340 1314 4401 Chesu.

521 4434 550 4489 3.
567 4430 776 4490 Invadabr'ttmn
788 4432 855 4493 cod.
869 4432 1013 4493 recentior
1023 4434 1112 4507 6265,
1126 4445 1213 4511 atque
1220 4431 1288 4493 edd.
1297 4431 1402 4495 chesn.
1411 4435 1542 4492 etBeue-

478 4522 549 4583 ‹lict.
563 4556 603 4568 -
620 4527 802 4583 Inradalium
816 4536 898 4605 quat.
913 4526 1000 4585 codd.
1016 4546 1050 4585 ac
1062 4526 1131 4588 edit.
1147 4528 1247 4587 Germ.
