3742 5667
488 780 546 839 ate
696 779 860 838 mornas
878 761 1093 840 constitus
1112 781 1162 838 uu
1182 781 1316 843 soona.

484 909 572 985 inde
584 910 724 1008 jurare,
750 923 814 982 aut
834 933 900 1007 per
922 933 961 982 se
985 924 1048 982 aut
1076 933 1142 1008 per
1173 911 1321 1007 legalem
1350 938 1546 1012 personam

486 1026 562 1100 sine
588 1026 707 1124 aliqua
731 1025 1016 1098 contradictione
1040 1041 1197 1100 teneant.
1224 1031 1271 1099 Ut
1295 1045 1415 1102 autem
1440 1030 1545 1102 cumi

486 1143 650 1215 omnium
665 1157 871 1239 temporum
895 1143 1118 1216 successione
1140 1167 1208 1242 pro
1233 1167 1293 1216 me
1309 1159 1493 1244 peccatore
1503 1161 1545 1218 et

486 1284 553 1359 pro
567 1257 736 1331 iratribus
749 1258 893 1352 nostris,
905 1273 981 1330 tam
997 1258 1228 1358 praesentibus
1236 1285 1345 1359 quam
1356 1263 1548 1360 preteritis

486 1391 594 1473 atque
613 1373 755 1465 foturis,
773 1372 970 1446 Dominum
997 1373 1103 1447 nobis
1119 1377 1304 1474 propitiari
1319 1393 1479 1470 exorent,
1496 1377 1548 1450 de

486 1489 668 1590 opulentia
677 1487 1102 1562 nostraeorumvolentes
1110 1491 1548 1592 aliquantulumsupplere

487 1606 644 1704 inopiam
669 1603 776 1702 (servi
802 1603 900 1674 enim
914 1603 982 1675 Dei
995 1604 1086 1676 sicut
1100 1619 1138 1678 et
1152 1629 1231 1698 nos,
1248 1608 1410 1680 conserui
1422 1622 1548 1679 autem

486 1735 570 1794 suut
582 1716 942 1817 nostri),llLsolidos,
950 1742 1041 1817 quos
1048 1720 1387 1818 irrefragabiliterde
1398 1722 1550 1795 Duolio¹

486 1834 672 1909 habebunt
698 1834 799 1908 omui
828 1837 950 1908 anno'
979 1833 1025 1907 de
1047 1859 1157 1908 censu
1186 1839 1298 1910 mansi
1326 1836 1474 1928 lllnulr³,
1507 1849 1549 1908 et

486 1951 652 2024 modium
677 1976 792 2024 unum
817 1976 969 2024 annonae
987 1952 1023 2024 in
1042 1952 1251 2026 molendino
1266 1979 1356 2044 uno,
1368 1951 1474 2050 ¹quod
1489 1967 1549 2024 est

486 2067 582 2166 apud
599 2066 723 2140 villam
740 2091 822 2164 quae
844 2065 977 2139 dicitur
994 2067 1218 2160 Ulmcchou⁸,
1235 2069 1401 2142 modium
1415 2081 1538 2140 autem

486 2183 561 2254 vini
578 2183 615 2255 in
629 2182 773 2256 cellario
789 2197 826 2254 et
845 2181 972 2254 decem
989 2183 1122 2256 solidos
1136 2183 1181 2258 de
1197 2209 1305 2258 censu
1324 2183 1396 2256 vini
1412 2183 1547 2255 clama·

488 2312 624 2390 torum,
643 2298 681 2371 in
694 2313 847 2396 utraque
862 2298 975 2370 sancti
999 2299 1099 2370 Pauli
1119 2300 1356 2390 solemnitate,
1375 2297 1423 2370 ad
1441 2322 1550 2372 cauo·

486 2415 651 2488 uicorum
668 2413 837 2487 videlicet
854 2414 1099 2504 relectionem,
1117 2429 1158 2487 ut
1180 2413 1373 2513 jocundius
1392 2426 1428 2485 et
1441 2412 1550 2486 devo·

426 2576 430 2587 ·
487 2530 557 2604 tius
584 2534 661 2602 Deo
680 2543 876 2627 sanctoque
902 2527 1013 2602 Paulo
1033 2528 1248 2620 deserviant,
1275 2527 1422 2626 singulis
1444 2528 1550 2600 annis

488 2646 731 2720 concedimus.
749 2644 875 2717 Adhuc
889 2658 1011 2717 autem
1021 2645 1140 2718 eidem
1152 2645 1307 2718 eeclesiae
1319 2645 1437 2718 Sancti
1447 2641 1549 2716 Pauli

487 2762 672 2836 ecclesiam
702 2760 933 2853 concedimus
959 2762 1081 2832 Sancti
1108 2761 1292 2853 iohannis,
1326 2783 1407 2859 quae
1433 2772 1485 2830 est
1510 2759 1547 2828 in

488 2878 579 2954 atrio
600 2879 719 2951 Sancti
744 2877 903 2976 Dionysii
928 2876 1008 2966 sita,
1024 2891 1059 2949 et
1076 2876 1305 2950 medietatem
1321 2875 1468 2948 decimae
1482 2897 1548 2944 cu·

487 2993 626 3093 jusdam
646 2993 738 3066 villae
754 3017 833 3090 quar.
855 2991 987 3064 dicitur
1008 2992 1222 3088 llablegias⁸,
1241 3006 1277 3064 et
1290 3006 1455 3089 quartam
1468 3012 1550 3086 par-

487 3123 560 3182 tem
575 3107 720 3182 decimae
736 3106 782 3180 de
797 3106 1070 3197 Barcheniaoo',
1089 3122 1124 3179 et
1146 3104 1377 3179 medietatem
1400 3103 1550 3176 decimae

488 3225 635 3299 alterius
657 3223 750 3296 villae
769 3245 849 3320 quae
875 3222 1009 3294 dicitur
1034 3223 1317 3322 Campiniacus'.

540 3339 754 3435 Rogavimus
763 3339 871 3412 etiam
883 3338 1010 3410 fratres
1017 3353 1158 3410 nostros
1166 3351 1218 3430 ut,
1229 3360 1297 3436 pro
1304 3334 1368 3408 Dei
1377 3356 1501 3406 amore
1512 3349 1552 3405 et

489 3455 714 3552 nostro,qui,
724 3467 899 3550 quantum
906 3452 1071 3526 molestia
1082 3452 1415 3552 corporissustinet,
1427 3447 1550 3522 Eccle-

489 3573 548 3643 site
562 3570 723 3642 servituti
742 3567 973 3660 desudamus,
994 3567 1112 3640 eidem
1134 3568 1290 3641 ecclesia
1309 3567 1427 3640 Sancti
1449 3563 1550 3636 Pauli

423 3669 426 3676 ¹
490 3685 655 3758 modium
670 3685 743 3755 uiui
760 3703 797 3757 et
809 3698 954 3756 centum
969 3707 1080 3782 panes
1093 3683 1140 3756 ad
1148 3682 1279 3756 libram
1287 3697 1394 3779 atque
1411 3703 1551 3752 mensu-

489 3825 567 3874 ram
579 3800 683 3900 panis
695 3801 808 3873 nostri
825 3799 870 3871 de
879 3798 1082 3890 refectorio,
1093 3798 1140 3872 ad
1150 3799 1381 3872 relectionem
1390 3797 1427 3868 in
1439 3793 1550 3867 relec-

490 3917 585 3990 torio
601 3916 721 3988 Sancti
738 3913 837 3987 Pauli
848 3929 921 3987 tam
935 3914 1207 4014 capellanorum
1219 3913 1325 4007 hujus
1338 3911 1429 3984 villae
1441 3935 1548 4008 quarn

529 4148 560 4205 1.
577 4140 670 4222 Vulgo
680 4146 772 4202 Danu
789 4140 1036 4223 (Setae-eoum).

530 4239 561 4298 2.
574 4231 1065 4310 Habebunt,omm'aunocapr‘ertted.
1078 4231 1258 4292 cheam-3.
1267 4229 1380 4307 Aruulfi
1386 4229 1435 4291 ed.
1445 4227 1549 4290 elren.

529 4333 559 4391 l.
575 4334 736 4400 omresron,
751 4327 844 4408 prope
858 4325 935 4386 idem
949 4324 1098 4388 Duolium.
1122 4359 1160 4372 -
1181 4331 1210 4384 5.
1224 4329 1261 4386 V.
1275 4327 1374 4405 sopri,
1389 4345 1420 4404 p.
1440 4323 1511 4384 lssl.

531 4427 561 4484 6.
577 4425 659 4482 llonc
669 4427 817 4499 Bercagur
834 4417 1088 4498 (Seiae-et-Otre.)

531 4521 561 4575 'l.
580 4514 676 4577 nodie
696 4515 1065 4594 elumigus-suhblatae
1080 4509 1202 4594 (Setae.)
