3742 5667
775 790 949 851 nunnus.
1336 795 1390 852 2bl

333 944 448 1019 usque
468 920 516 995 ad
535 948 649 998 unum
672 926 744 995 iota
765 938 802 996 et
825 947 940 995 unum
961 923 1099 1022 apicem
1121 927 1325 999 conservari
1347 925 1396 997 fe·

334 1038 472 1127 ceritis;
498 1063 545 1111 ne
568 1040 786 1113 dissonantia
808 1038 929 1129 officii,
951 1039 1090 1137 legendi
1104 1055 1142 1111 et
1155 1040 1325 1113 cantandi
1340 1040 1395 1113 di·

335 1154 481 1226 versitas
514 1156 553 1228 in
587 1156 794 1229 scandalum
825 1154 1042 1251 regularium
1078 1170 1115 1227 et
1148 1155 1397 1251 irregularium

336 1286 508 1367 emergam
529 1296 576 1345 ne
595 1272 768 1345 ostiorum
794 1272 945 1369 apertio,
967 1270 1036 1343 bac
1057 1271 1263 1366 occasione,
1289 1288 1396 1345 nocte

335 1411 376 1457 ac
406 1384 484 1459 die¹
512 1388 636 1461 iratres
666 1386 876 1479 conturbet;
906 1411 953 1457 ne
976 1411 1041 1484 per
1074 1384 1219 1458 eosdem
1250 1387 1396 1459 aemulos

336 1502 453 1599 aliqua
470 1502 617 1575 infamia
632 1505 669 1575 in
682 1527 743 1575 eos
759 1502 949 1601 subrepat;
971 1516 1011 1572 ut
1026 1502 1146 1599 quiete
1163 1501 1300 1575 ibidem
1315 1528 1395 1576 om·

336 1618 513 1717 tripotenti
528 1621 620 1711 Deo,
639 1618 685 1689 ad
703 1617 847 1690 laudem
870 1631 906 1689 et
924 1617 1103 1691 honorem
1118 1619 1232 1691 sancti
1248 1621 1397 1718 Aposto

335 1734 426 1805 latus
449 1735 557 1807 vestri
575 1750 610 1806 et
629 1758 791 1832 personae
804 1748 942 1826 vestrae,
963 1734 1178 1831 sempiterna
1192 1760 1397 1810 remunera·

335 1850 450 1921 tione²
465 1850 614 1945 dignum
623 1853 699 1923 Deo
718 1849 929 1923 famulatum
945 1848 1114 1921 exhibere
1130 1848 1282 1923 valeant.
1299 1851 1397 1939 Quid

333 1990 491 2063 namque
507 1966 553 2039 de
567 1968 781 2039 Paternitate
796 1980 911 2039 vestra
919 1966 1122 2065 sperarem?
1135 1969 1210 2063 Ego
1222 1967 1299 2065 ipse
1311 1993 1396 2066 pcc·

334 2096 436 2153 cator
461 2106 504 2173 ex
526 2081 597 2154 boc
619 2096 737 2153 vestro
759 2105 869 2179 opere
894 2080 1032 2180 aliquid
1052 2081 1307 2155 misericordiae
1331 2085 1397 2158 Dei

334 2220 392 2269 me
408 2196 632 2269 lucraturum
644 2196 803 2269 confido.

383 2317 446 2386 Est
470 2328 507 2387 et
526 2312 626 2385 aliud
651 2313 751 2411 quod
767 2314 976 2387 Paternitati
1000 2328 1124 2387 vestrae
1146 2314 1314 2390 volumus
1339 2342 1396 2392 ca·

333 2428 489 2526 pitulum
508 2429 731 2501 innotescere
755 2457 763 2501 :
791 2444 845 2520 ut,
878 2430 969 2503 sicut
1000 2430 1159 2529 primum
1185 2431 1393 2524 mandastis,

334 2545 439 2617 salvis
449 2569 576 2617 eorum
592 2559 732 2617 tantum
748 2543 962 2641 praebendis,
973 2548 1214 2645 praepositurae
1229 2563 1267 2619 et
1284 2564 1396 2621 terra-

334 2685 415 2732 rum
429 2661 592 2733 custodia
607 2661 788 2733 canonicis
805 2660 1029 2755 regularibus
1045 2679 1266 2737 remaneant.
1287 2663 1396 2752 Quod

336 2778 364 2849 si
376 2775 611 2849 exterioribus
622 2776 870 2867 remanserint,
883 2778 1006 2850 omnia
1018 2776 1270 2876 dilapidabunt
1279 2793 1317 2849 et
1326 2777 1394 2850 sibi

335 2892 546 2989 subripient,
566 2908 603 2965 et
620 2891 667 2965 ad
681 2890 861 2964 desectum
876 2893 1099 2985 victualium,
1112 2909 1154 2965 ut
1166 2893 1221 2965 vel
1237 2894 1289 2966 sic
1302 2893 1393 2966 ordo

335 3007 574 3106 periclitetur,
603 3006 750 3079 forsitan
777 3006 970 3079 crudeliter
999 3007 1247 3081 elaborabunt.
1287 3006 1394 3080 Aliud

334 3147 479 3223 quoque
505 3138 577 3215 est,
603 3124 736 3220 quoin
762 3123 938 3223 principio
962 3121 1097 3196 laboris
1118 3124 1173 3196 sui
1196 3123 1259 3196 filii
1286 3124 1395 3196 vestri

333 3238 560 3338 potissimum
568 3238 739 3335 indigent.
750 3237 943 3326 Quendam
958 3238 1155 3311 Rodullum
1163 3238 1394 3313 aemulantem

333 3370 368 3427 et
386 3353 621 3449 derogantem
644 3379 771 3428 eorum
787 3354 949 3450 religioni
970 3378 1145 3427 mucrone
1168 3353 1265 3427 beati
1284 3356 1391 3447 Petri,

333 3483 372 3539 ut
386 3484 630 3559 convertatur,
640 3469 800 3542 feriendo
815 3470 1064 3569 compescatis,
1075 3486 1110 3543 et
1124 3494 1169 3541 ne
1183 3470 1395 3567 impunitate

333 3584 409 3680 ejus
424 3584 580 3657 aliorum
599 3600 758 3681 emergat
777 3585 1016 3675 coutumacia,
1035 3585 1110 3681 ejus
1127 3586 1314 3657 stultitiam
1341 3609 1395 3655 re-

331 3701 505 3797 primatis.
522 3702 691 3773 Conterat
710 3701 886 3773 Dominus
896 3703 1125 3798 omnipotens
1144 3725 1292 3772 omnem
1308 3700 1393 3771 hos·

332 3833 407 3887 tem
426 3816 495 3887 sub
518 3815 670 3915 pedibus
693 3818 831 3889 vestris.
862 3822 932 3889 Nos
955 3832 1077 3889 autem
1101 3816 1249 3889 servitio
1274 3831 1394 3888 vestro

331 3944 491 4029 paratos,
521 3946 557 4004 et
584 3932 768 4004 ecclesiam
796 3948 975 4024 nostram,
1010 3932 1073 4004 sed
1105 3947 1140 4003 et
1169 3932 1393 4003 carissimum

333 4046 448 4119 lilium
460 4063 620 4123 vestrum
630 4048 853 4123 Ludovicum
863 4072 984 4145 regem
994 4053 1223 4139 Francorum,
1237 4050 1273 4120 in
1283 4072 1393 4147 opere

372 4341 403 4398 l.
416 4342 474 4395 Die
484 4360 519 4395 ac
531 4354 611 4397 nocte
622 4342 676 4397 lrac
685 4345 828 4397 occasione
841 4338 911 4400 edit.
928 4340 1076 4400 benedict.

372 4434 402 4489 2.
419 4430 466 4489 sic
479 4431 549 4492 edit.
565 4433 713 4495 Benedict.
733 4466 774 4480 -
786 4437 991 4511 Sempr'terncm
1006 4441 1257 4493 rectaneratr'onem
1276 4430 1306 4490 in
1321 4430 1392 4495 edit.

334 4520 436 4584 Chesn.
