3742 5667
448 800 521 859 SUR
541 800 613 859 SON
632 802 952 859 ADbllNlSTllATION
973 804 1189 865 tenemus.
1293 809 1349 869 lli

276 946 427 1029 reperta
447 933 618 1029 sacrilego
635 935 762 1032 spiritu
785 948 1000 1033 asportaret,
1024 936 1226 1033 adjacentes
1250 940 1352 1014 villas

278 1048 539 1146 bequentibus
563 1050 734 1149 hospiciis
755 1050 1005 1142 confunderet,
1032 1074 1214 1125 annonam
1229 1070 1266 1128 et
1288 1057 1352 1129 tal-

276 1165 363 1237 liam
387 1163 463 1237 sibi
482 1166 658 1265 primum,
685 1166 816 1239 deinde
839 1165 1004 1265 dapifero
1023 1192 1102 1262 suo,
1121 1168 1253 1242 deinde
1269 1196 1354 1270 prae-

277 1283 399 1383 posito
408 1308 494 1373 suo,
505 1284 725 1355 rusticorum
736 1280 966 1378 vectigalibus
981 1283 1030 1355 ad
1044 1298 1202 1357 castrum
1221 1284 1354 1359 deferri

278 1413 440 1494 cogeret.
469 1401 535 1471 vix
558 1401 622 1497 qui
647 1398 798 1472 aderant
820 1398 888 1471 sub
918 1416 993 1472 tam
1018 1400 1181 1474 nefandae
1207 1427 1353 1502 oppres·

277 1516 390 1588 sionis
416 1514 516 1589 mole
536 1516 718 1591 vivebant.
741 1518 834 1588 Cum
858 1540 943 1612 ergo
972 1515 1045 1589 lere
1073 1542 1142 1616 per
1165 1516 1353 1593 biennium

278 1630 423 1705 ibidem
438 1631 676 1722 demorando,
688 1632 746 1705 his
757 1646 793 1703 et
805 1631 883 1703 aliis
895 1631 1013 1724 malis,
1026 1647 1063 1705 et
1072 1633 1238 1706 humanae
1251 1660 1351 1707 com-

277 1750 458 1849 passionis
471 1747 674 1840 doloribus,
689 1762 727 1819 et
739 1748 896 1821 ecclesiae
905 1762 1037 1821 nostrae
1052 1748 1242 1849 dispendio
1256 1748 1352 1823 dela-

279 1868 435 1963 tigarer‚
464 1890 532 1938 nec
551 1890 620 1937 nos
640 1863 772 1954 solum,
797 1888 925 1936 verum
954 1865 1063 1937 etiam
1090 1888 1216 1937 omnes
1242 1866 1353 1940 ecele-

279 1983 395 2057 clesiae
428 2008 508 2081 quae
535 1983 572 2054 in
603 1980 766 2081 partibus
788 1981 857 2054 illis
889 1996 1023 2054 terram
1047 1980 1222 2055 habentes
1246 2007 1351 2081 aeque

279 2097 554 2199 premebantur,
579 2098 829 2188 convenimus,
853 2112 890 2169 et
907 2112 948 2169 ut
965 2099 1094 2196 jugum
1118 2097 1347 2199 importabile

281 2230 316 2287 et
338 2213 574 2311 tyrannidem
596 2213 805 2311 nequissimi
841 2213 950 2285 castri
982 2215 1118 2287 evitare
1146 2238 1346 2315 possemus,

283 2330 447 2427 diligenti
458 2330 717 2403 deliberatione
734 2329 967 2404 contulimus.
985 2332 1077 2403 Hinc
1091 2333 1237 2405 emersit
1249 2332 1350 2431 quod

283 2446 406 2519 labore
432 2461 556 2520 nostro
577 2444 794 2518 venerabilis
814 2446 1004 2545 episcopus
1033 2448 1261 2521 carnotensis
1286 2454 1349 2520 lvo

282 2589 347 2664 pro
364 2579 467 2661 parte
481 2588 559 2655 sua,
579 2562 778 2662 capitulum
795 2566 906 2637 Beatae
923 2563 1040 2643 Mariae
1057 2589 1124 2663 pro
1140 2590 1216 2655 sua,
1238 2563 1350 2637 abbas

284 2682 403 2753 Sancti
421 2680 513 2752 Petri
533 2704 602 2778 pro
618 2703 696 2769 sua,
714 2677 863 2752 ecclesia
879 2680 999 2752 Sancti
1013 2680 1185 2753 Johannis
1201 2679 1247 2751 de
1267 2681 1350 2752 Val-

283 2796 353 2869 leta
376 2820 447 2895 pro
472 2821 550 2887 sua,
573 2796 763 2895 episcopus
787 2794 985 2867 Aurelianis
1003 2820 1070 2894 pro
1099 2820 1176 2887 sua,
1205 2794 1351 2868 ecclesia

285 2914 403 2985 Sancti
418 2913 546 2983 Aniani
560 2936 628 3011 pro
636 2936 713 3004 sua,
725 2910 838 2983 abbas
852 2911 974 2983 Sancti
993 2911 1172 2983 Benedicti
1184 2936 1252 3010 pro
1266 2937 1344 3003 sua,

287 3028 576 3129 archiepiscopus
597 3029 748 3101 Senonis
773 3052 843 3126 pro
872 3051 950 3117 sua,
978 3042 1015 3098 ct
1043 3052 1111 3099 nos
1134 3052 1200 3125 pro
1223 3044 1347 3101 nostra

289 3144 482 3240 gloriosum
506 3168 625 3240 regem
647 3142 824 3217 adivimus
848 3142 1085 3233 Ludovicum,
1115 3142 1349 3216 ecclesiarum

290 3260 620 3359 depopulationem,
643 3282 842 3358 pauperum
867 3272 904 3330 et
919 3257 1169 3355 orphanorum
1186 3258 1349 3357 deplora-

289 3376 437 3465 tionem,
465 3374 697 3449 ecclesiarum
718 3375 953 3471 eleemosynis
979 3388 1246 3447 antecessorum
1262 3399 1348 3447 suo-

289 3516 367 3563 rum
394 3506 432 3563 et
458 3490 531 3563 suis
554 3490 877 3563 exhaeredationem
897 3488 1165 3563 lacrimabiliter
1186 3492 1349 3589 exposui·

290 3634 377 3681 mus.
406 3607 493 3698 Qui,
520 3620 561 3679 ut
578 3621 656 3678 erat
673 3606 728 3679 vir
743 3605 975 3678 nobilissimae
1000 3604 1195 3695 industriae,
1221 3604 1350 3703 plenus

291 3726 430 3823 pietate,
459 3720 687 3795 eeclesiarum
713 3720 863 3794 illustris
885 3722 1066 3812 defensor,
1091 3722 1253 3794 auxiliari
1268 3747 1349 3820 spo·

290 3840 432 3940 pondit;
452 3853 488 3909 et
514 3837 615 3936 quod
631 3836 797 3910 ecclesias
817 3854 854 3909 et
869 3837 1101 3910 ecclesiarum
1123 3836 1219 3910 bona
1246 3838 1347 3910 dein-

292 3980 369 4055 ceps
388 3955 523 4028 destrui
546 3955 727 4053 apraesato
747 3978 904 4052 nequam
920 3952 1022 4027 nullo
1038 3954 1150 4027 modo
1168 3970 1349 4053 pateretur

290 4070 520 4171 jurejurando
541 4069 710 4142 firmavit.
734 4068 843 4159 Quod
868 4069 1018 4167 quidem
1042 4071 1179 4166 egregie
1196 4070 1345 4163 factum,

293 4214 360 4286 quo
376 4187 515 4279 labore,
533 4186 665 4285 quibus
676 4186 851 4285 expensis,
871 4211 981 4283 quam
1000 4188 1153 4283 graviter
1165 4187 1348 4285 expletum

294 4303 406 4397 luerit,
431 4306 468 4376 in
493 4304 598 4400 gestis
621 4303 755 4402 praefati
780 4303 873 4399 regis
897 4301 1115 4375 enucleatius
1136 4302 1342 4377 invenitur¹.

333 4560 358 4619 l.
379 4558 414 4615 ln
427 4552 492 4614 Vita
504 4550 644 4613 Ludovici
657 4549 772 4625 Grossi,
786 4553 874 4632 supra
889 4549 981 4623 editt,
995 4568 1082 4632 capp.
1098 4568 1245 4611 xvnr-xx.
