3742 5667
472 741 545 799 SUB
564 740 634 799 SON
655 740 970 799 Anutmst‘ttarton
990 742 1204 803 transsatu.
1304 740 1364 802 185

304 875 426 971 tisque
434 874 571 973 placitis
584 874 903 972 emancipaveram,
928 872 1170 973 parrochiales
1185 867 1361 967 ecelesias,

306 1014 401 1089 quas
419 990 591 1086 Rogerius
605 988 790 1089 presbyter
807 1005 843 1063 et
865 990 974 1063 frater
988 987 1064 1086 ejus
1073 987 1274 1062 Gaufredus
1292 990 1364 1063 hae·

305 1106 484 1179 reditas-io
502 1108 583 1205 Jure
609 1104 677 1178 sibi
707 1104 957 1197 vendicabant,
987 1103 1034 1177 ad
1065 1101 1364 1179 dominicaturam

307 1220 467 1295 ecclesie
491 1222 529 1293 in
547 1221 706 1294 novitate
731 1219 958 1320 praelationis¹
985 1234 1114 1293 nostrae
1138 1220 1362 1314 retraximus,

306 1359 444 1435 easque
459 1350 496 1409 et
508 1335 670 1409 redditus
686 1359 810 1409 aarum
826 1334 1058 1427 thesaurario,
1075 1332 1122 1406 ad
1143 1333 1366 1408 renovandae

307 1465 347 1524 et
361 1451 643 1549 augmentandas
658 1449 811 1524 ecclcsiae
826 1450 931 1547 hujus
944 1450 1162 1550 palliaturas,
1182 1450 1220 1523 in
1234 1450 1367 1548 sempi-

309 1584 456 1641 ternum
484 1567 713 1641 contulimus.
740 1570 784 1638 Et
802 1567 885 1663 quia
909 1565 984 1639 fere
997 1564 1118 1639 nultos
1139 1564 1301 1638 redditus
1315 1565 1362 1638 ad

308 1683 382 1756 hoc
403 1682 646 1781 supplendum
668 1681 837 1772 habebat,
855 1682 962 1754 aliam
978 1682 1159 1779 quandam
1179 1681 1301 1754 villam
1325 1683 1365 1754 in

309 1798 476 1899 partibus
489 1799 576 1890 istis,
594 1822 674 1897 quae
687 1796 817 1871 dicitur
831 1796 1029 1885 Quadraria
1042 1822 1157 1896 nuper
1180 1796 1363 1888 aedifimta,

309 1912 549 2011 adjunximus.
572 1917 615 1985 Et
639 1912 714 1986 haec
729 1910 876 2008 quidem
888 1927 1046 2009 quatuor
1054 1936 1203 2003 marcas,
1214 1912 1367 1987 ecciesiae

309 2052 396 2101 vcro
418 2044 557 2127 septem
578 2027 699 2118 libras,
728 2028 758 2099 si
780 2041 899 2101 tamen
923 2026 1106 2101 meliorari
1121 2052 1196 2099 non
1218 2028 1364 2126 poterit,

311 2142 496 2244 persolvit.
519 2142 687 2216 Redditus
710 2166 795 2215 vero
821 2142 909 2215 alios
927 2142 1256 2216 consuetudinarios
1277 2166 1367 2241 prae·

311 2258 392 2331 satae
409 2257 502 2331 villas
515 2256 738 2349 Bemevallis,
757 2272 831 2331 tam
846 2258 884 2331 in
903 2256 1068 2331 censibus
1083 2280 1193 2357 quam
1214 2258 1253 2329 in
1274 2256 1366 2350 aliis,

313 2374 390 2445 fere
403 2397 519 2471 usque
539 2372 586 2446 ad
601 2371 807 2471 quindecim
827 2372 951 2465 libras,
970 2372 1062 2446 siout
1080 2371 1272 2463 credimus,
1285 2396 1368 2469 aug·

313 2489 468 2561 mentari
484 2488 645 2561 fecimus.
665 2486 969 2561 Consuetudinem
984 2503 1103 2561 autem
1123 2507 1232 2587 quam
1259 2487 1367 2584 vulgo

315 2603 440 2677 dicunt
456 2604 653 2701 aquariam,
677 2626 856 2703 quamque
872 2604 910 2674 in
926 2616 1088 2702 tempore
1101 2601 1208 2677 bonae
1226 2626 1367 2691 memo·

314 2720 375 2791 riae
397 2720 628 2792 antecessoris
644 2720 757 2792 nostri
780 2744 802 2791 a
821 2719 1013 2817 praeposito
1034 2731 1173 2811 nostro,
1200 2718 1264 2817 qui
1289 2742 1368 2791 eam

316 2846 564 2929 occupaverat,
588 2844 752 2903 excutere
769 2828 984 2928 adjuvimus,
1004 2829 1127 2902 festivo
1149 2830 1296 2929 piissimi
1312 2854 1369 2902 re·

317 2946 367 3041 gis
384 2943 577 3042 Dagobcrti
589 2946 830 3019 anniversario
845 2945 1032 3019 refectioni
1048 2945 1200 3019 fratrum
1213 2946 1368 3041 assigna·

316 3062 445 3134 vimus.
743 3121 746 3129 .

364 3174 473 3247 Villas
495 3176 603 3249 etiam
621 3175 874 3267 Moriniacum,
898 3174 1070 3248 Liliacum
1090 3188 1127 3245 et
1143 3172 1364 3264 Floriacum,

320 3317 401 3366 cum
416 3318 492 3366 non
504 3292 766 3365 consuevissent
779 3290 929 3364 reddere
940 3290 1020 3390 plus
1035 3314 1144 3388 quam
1157 3305 1295 3388 septem
1306 3302 1370 3361 aut

320 3406 443 3479 decem
459 3407 582 3499 libras,
595 3420 635 3479 ut
649 3407 792 3503 triginta
804 3419 866 3478 aut
881 3404 927 3477 ad
940 3406 1059 3478 minus
1073 3406 1197 3501 viginti
1207 3406 1368 3502 quinque

323 3521 475 3595 reddant
490 3522 764 3595 elaboravimus.
782 3521 884 3596 Idem
899 3536 934 3594 ct
954 3518 1000 3594 de
1014 3522 1136 3593 Monte
1150 3518 1321 3593 Fusceoli.

581 3774 702 3844 XXIV.
723 3776 775 3842 De
790 3769 942 3843 ecclesie
959 3786 1102 3843 ornatu.

372 3973 434 4046 ilis
453 3972 561 4070 igitur
580 3971 787 4045 reddituum
802 3971 1029 4046 incrementis
1044 3970 1161 4043 taliter
1170 3969 1365 4066 assignatis,

325 4090 369 4161 ad
389 4088 620 4161 edificiorum
640 4088 899 4161 institutionem
925 4085 1194 4159 memorandam
1220 4110 1368 4159 manum

325 4202 539 4295 reduximus,
559 4218 599 4275 ut
619 4219 654 4276 et
674 4227 716 4275 cx
733 4203 804 4276 hoc
822 4204 901 4305 ipso
920 4206 995 4278 Deo
1010 4202 1248 4307 omnipotenti
1262 4217 1371 4280 tama

365 4469 393 4525 t.
410 4468 569 4527 Praelaturae
581 4466 629 4533 ed.
642 4465 746 4530 Chesn.
