3742 5667
498 760 557 818 ue
717 746 888 814 mutnus
907 738 1122 815 cournbrss
1142 754 1192 813 os
1213 753 1346 814 suom.

498 908 534 963 et
557 889 759 963 multorum
782 885 954 961 relatione
977 902 1013 959 et
1034 886 1161 961 crebro
1186 902 1403 985 cognoverat
1421 888 1560 987 experi-

497 1022 636 1100 mento,
652 1003 798 1080 adeum
823 1004 1006 1095 festinans,
1024 1018 1098 1078 tam
1113 1003 1279 1103 precibus
1298 1027 1406 1102 quam
1423 1001 1562 1076 benefi-

499 1125 564 1196 ciis
592 1121 871 1223 precordialiter
889 1120 1008 1222 pulsat
1036 1135 1077 1193 ut
1106 1146 1256 1219 regnum
1278 1118 1459 1211 defendat,
1480 1144 1559 1219 per·

499 1265 627 1314 sonam
652 1254 851 1331 conservet,
878 1237 1042 1311 hostibus
1069 1263 1170 1312 more
1199 1238 1306 1311 solito
1331 1237 1502 1311 resistat:
1526 1250 1563 1309 ct

498 1358 669 1454 quoniam
676 1355 772 1428 hanc
779 1354 876 1428 abeo
886 1352 1301 1455 babentpraerogativam
1312 1369 1364 1443 ut,
1371 1354 1400 1427 si
1410 1377 1562 1451 regnum

498 1472 597 1545 aliud
613 1497 765 1570 regnum
781 1476 1002 1547 Francorum
1016 1471 1184 1545 invadere
1197 1472 1339 1563 audeat,
1351 1472 1426 1571 ipsc
1435 1470 1563 1543 beatus

499 1602 535 1662 et
558 1586 778 1662 admirabilis
801 1587 970 1662 defensor
988 1613 1072 1662 cum
1092 1588 1198 1661 sociis
1217 1589 1290 1661 suis
1309 1603 1483 1687 tanquam
1514 1584 1563 1660 ad

497 1704 766 1779 defendendum
796 1703 898 1779 altari
919 1729 987 1778 suo
1015 1720 1290 1806 superponatur,
1318 1729 1362 1778 eo
1387 1716 1562 1803 praeseute

498 1819 539 1893 fit
563 1837 637 1894 tam
658 1820 812 1918 gloriose
836 1846 946 1920 quam
969 1820 1112 1895 devote.
1134 1824 1206 1895 Rex
1225 1834 1345 1894 autem
1366 1820 1563 1894 vexillum¹

498 1935 545 2009 ab
561 1938 664 2011 altari
676 1938 871 2037 suscipiens
886 1936 986 2036 quod
1007 1937 1055 2011 de
1070 1939 1241 2014 comitatu
1264 1935 1461 2029 Vilcassini,
1485 1960 1563 2035 quo

497 2052 545 2127 ad
566 2052 752 2128 ecclesiam
770 2052 936 2127 feodatus
953 2068 1020 2141 est,
1043 2068 1190 2152 spectat,
1213 2052 1332 2125 votive
1351 2066 1564 2158 tanquama

497 2169 649 2242 domino
662 2194 728 2242 suo
740 2169 949 2267 suscipiens,
967 2193 1081 2268 pauca
1097 2193 1207 2241 manu
1222 2182 1348 2241 contra
1363 2166 1499 2260 hostes,
1523 2181 1565 2241 ut

496 2284 564 2357 sibi
579 2284 780 2385 provideat,
799 2285 916 2357 evolat
931 2314 942 2379 3
968 2299 1009 2357 ut
1030 2309 1112 2358 eum
1130 2298 1205 2358 tota
1227 2284 1372 2357 Francia
1390 2298 1565 2383 sequatur

496 2416 661 2501 potenter
683 2402 821 2475 invitat.
844 2400 1034 2499 Indignata
1051 2402 1159 2499 igitur
1176 2400 1336 2475 hostium
1354 2402 1563 2475 inusitatam

495 2516 681 2591 audaciam
704 2518 833 2590 usitata
856 2517 1012 2591 Franciae
1036 2519 1256 2611 animositas,
1278 2518 1564 2617 circumquaque

495 2658 645 2707 movens
654 2633 841 2706 militarem
855 2629 1047 2727 delectum,
1062 2634 1156 2707 vires
1167 2648 1201 2707 et
1214 2634 1309 2707 viros
1322 2634 1479 2733 pristinae
1492 2633 1564 2707 vir*

494 2749 579 2822 tutis
606 2764 641 2821 et
668 2750 899 2849 antiquarum
923 2774 1101 2825 memores
1130 2750 1385 2824 victoriarum¹
1400 2748 1554 2847 delegat.

494 2864 663 2953 Quicum
679 2865 796 2938 Remis
811 2865 1064 2965 undecumque
1076 2881 1241 2968 potenter
1250 2868 1557 2957 convenissemus,

493 2993 599 3054 tantae
612 2982 773 3054 militaris
786 2996 822 3055 et
833 2982 1008 3083 pedestris
1018 2985 1192 3057 exercitus
1201 2986 1312 3084 copiae
1321 2983 1559 3084 apparebant,

495 3110 536 3168 ut
562 3096 770 3171 viderentur
799 3098 1024 3199 superficiem
1050 3116 1165 3195 terrae,
1194 3126 1295 3174 more
1324 3100 1559 3190 locustarum,
1661 3132 1665 3141 ·

495 3236 570 3284 non
587 3227 727 3286 tautum
743 3240 844 3288 secus
865 3215 1036 3290 decursus
1060 3242 1250 3317 aquarum,
1276 3215 1339 3290 sed
1357 3218 1465 3291 etiam
1480 3214 1563 3317 [in]⁸

493 3330 672 3402 montanis
684 3345 720 3402 ct
733 3330 879 3430 planitie
892 3330 1079 3406 devorare.
1097 3333 1258 3407 Ubicum
1272 3354 1335 3406 rex
1350 3334 1562 3407 continuata

494 3444 691 3544 septimana
719 3446 1025 3521 Theutonicorum
1054 3449 1316 3548 praestolaretur
1350 3450 1559 3540 incursum,

495 3560 556 3633 tali
571 3561 666 3634 inter
684 3564 785 3659 regni
801 3589 971 3664 proceres
991 3563 1249 3639 deliberatione
1270 3590 1327 3641 res
1346 3564 1563 3667 disponeba-

494 3690 578 3749 tur:
596 3707 614 3744 α
635 3680 878 3775 Transeamus,
901 3681 1082 3781 inquiunt,
1099 3681 1268 3756 audacter
1286 3681 1332 3756 ad
1348 3706 1424 3775 eos,
1444 3708 1491 3755 ne
1508 3706 1563 3755 re·

497 3822 516 3862 κ
537 3792 688 3867 deuotes
704 3794 852 3895 impune
864 3797 992 3889 ferant,
1012 3797 1111 3896 quod
1125 3799 1163 3871 in
1179 3814 1355 3873 terrarum
1372 3798 1562 3873 dominam

497 3936 515 3976 a
534 3912 721 3985 Franciam
741 3911 895 4011 superbe
911 3930 1228 4015 praesumpserunt.
1249 3918 1412 3991 Sentiant
1429 3931 1558 3991 contu·

536 4118 565 4175 1.
584 4118 647 4175 Hoc
660 4129 704 4177 est
717 4116 860 4178 famosum
872 4118 1122 4201 Sancti-Dionysii
1131 4119 1281 4205 vexillum,
1290 4118 1378 4201 vulgo
1392 4124 1562 4199 Ortfiamme

493 4221 704 4290 nuncupatum.
719 4213 764 4272 cf.
780 4210 930 4274 Guillelm.
942 4212 1054 4277 Briton.
1065 4236 1180 4297 poema,
1192 4214 1244 4277 lib.
1258 4220 1302 4291 n;
1317 4216 1469 4296 Congium,
1482 4214 1559 4278 Feli·

493 4300 625 4375 bianum,
639 4316 694 4365 etc.
708 4303 782 4366 Vide
795 4306 883 4366 etiam
897 4306 984 4379 infra,
998 4308 1029 4368 iu
1042 4308 1311 4372 observationibus.

533 4399 564 4456 Ξ.
579 4402 748 4473 Victoriam,
763 4400 851 4474 male,
863 4404 976 4464 terto.

533 4494 564 4552 3.
579 4498 617 4550 In
623 4489 765 4571 adjiciunt
777 4492 928 4562 Benedict.
