3742 5667
693 837 758 894 VlE
777 837 828 894 DE
847 835 984 896 SUGER.
1305 841 1363 898 38³

287 963 426 1056 mium,
461 965 581 1064 quod,
609 967 639 1037 si
667 967 748 1064 quis
781 966 975 1064 aliqnando
1004 965 1233 1040 subditorum
1264 968 1362 1068 apud

287 1081 416 1179 ipsum
431 1096 620 1154 accusatus
635 1081 771 1172 fuisset,
787 1107 861 1154 non
879 1083 999 1154 statim
1014 1107 1138 1155 aurem
1155 1107 1363 1157 accommo-

288 1195 419 1288 dabat,
437 1199 505 1271 sed
522 1196 702 1270 delatores
721 1212 762 1270 ut
775 1196 1074 1296 prudentissimus
1099 1197 1257 1272 babebat
1284 1225 1361 1272 sus-

288 1327 421 1411 pectos
441 1341 450 1384 ε
466 1313 655 1411 indignum
666 1313 833 1409 judicans
849 1314 1025 1385 ultionem
1040 1314 1086 1386 de
1103 1339 1286 1413 quoquam
1298 1341 1363 1414 pe·

288 1442 383 1520 tere,
409 1427 532 1502 donec
561 1429 720 1526 diligenti
748 1429 1017 1524 investigatione
1050 1429 1087 1501 in
1117 1455 1195 1502 rem
1223 1431 1364 1528 plenius

288 1543 424 1616 fnisset
455 1544 645 1633 inductus3
674 1558 859 1643 peccantes
887 1545 1054 1643 puniens,
1078 1570 1153 1618 non
1178 1561 1252 1618 tam
1278 1547 1364 1645 quia

288 1675 519 1758 peccassent,
538 1684 650 1758 quam
664 1685 712 1732 ne
735 1675 940 1759 peccarent.
969 1665 1051 1732 Jam
1074 1685 1161 1734 vero
1190 1662 1229 1733 in
1254 1660 1362 1734 ulcis·

289 1774 417 1848 cendo
435 1777 545 1848 talem
559 1801 597 1847 se
620 1774 825 1865 exhibebat,
853 1791 895 1847 ut
919 1801 1028 1849 nemo
1044 1801 1149 1848 sanus
1165 1765 1363 1873 ambigeret

291 1893 582 1989 compatientem
613 1891 715 1963 illum
745 1908 782 1965 et
809 1893 964 1964 invitum
999 1892 1174 1964 ultionem
1208 1895 1358 1988 exigere.

293 2004 526 2104 corripiebat
550 2020 591 2077 ut
608 2021 742 2102 pastor,
760 2004 1052 2079 condescendens
1077 2020 1118 2078 ut
1136 2021 1252 2104 pater.
1272 2007 1361 2079 offi-

293 2119 405 2192 ciales
429 2145 514 2194 snos
533 2145 607 2192 non
632 2121 733 2194 facile
747 2120 794 2193 ab
810 2119 1195 2194 amministrationibus
1216 2146 1361 2194 amove-

292 2236 372 2329 bat,
392 2238 464 2311 nisi
479 2238 585 2310 certis
600 2251 637 2309 et
659 2239 795 2334 magnis
811 2238 1016 2310 extantibus
1031 2237 1159 2328 causis,
1184 2251 1222 2309 et
1248 2237 1362 2336 culpis

292 2353 566 2451 apparentibus.
588 2351 739 2427 Dicebat
755 2353 853 2425 enim
868 2353 959 2425 nihil
976 2353 1094 2424 minus
1107 2352 1274 2450 expedire
1294 2354 1361 2425 rei-

293 2466 467 2566 publicoe,
489 2469 578 2540 dum
595 2483 630 2540 et
650 2467 690 2541 bi
711 2469 775 2567 qui
796 2483 1009 2540 amoventur
1028 2491 1109 2565 quoe
1123 2483 1273 2567 possunt
1290 2493 1361 2539 au-

293 2581 434 2675 ferant,
450 2598 487 2657 et
511 2582 708 2676 substituti,
726 2583 811 2682 quia
824 2583 922 2655 idem
946 2597 1126 2676 metuunt,
1153 2582 1201 2654 ad
1220 2583 1360 2682 rapinas

293 2697 479 2771 festinent.

344 2817 393 2886 At
411 2814 572 2914 plerique
593 2814 651 2888 vel
666 2814 779 2910 ignari
799 2812 857 2885 vel
871 2812 990 2886 aemnli
1002 2818 1029 2902 ¹,
1048 2815 1111 2912 qui
1126 2811 1225 2886 hunc
1242 2812 1362 2886 minus

295 2945 487 3024 noverant,
504 2931 663 3025 egregios
682 2930 749 3001 viri
766 2954 884 3001 mores
905 2928 1046 3001 sinistra
1069 2929 1361 3028 interpretatione

295 3044 523 3118 conabantur
536 3061 749 3145 pervertere.
762 3045 853 3133 Quia
866 3049 977 3136 enim,
997 3045 1099 3142 juxta
1115 3043 1358 3134 Salomonem,

295 3172 402 3230 erant
426 3155 537 3230 verba
560 3156 655 3228 illius
674 3172 714 3228 ut
727 3157 867 3229 stimuli
879 3171 918 3226 et
937 3158 1043 3256 quusi
1058 3153 1152 3226 clavi
1174 3156 1213 3225 in
1246 3153 1360 3226 altum

296 3269 442 3370 defined,
458 3272 630 3369 itemque,
648 3271 761 3344 instar
773 3269 871 3345 beati
886 3270 970 3364 iob,
987 3273 1050 3344 lux
1065 3269 1177 3343 vulno
1193 3268 1272 3368 ejus
1289 3296 1359 3342 non

297 3386 445 3459 cadebat
461 3391 500 3460 in
517 3405 652 3459 terram
662 3389 691 3480 ¹,
707 3387 840 3462 durum
856 3387 964 3460 nimis
977 3385 1196 3460 aestimabant
1220 3401 1255 3458 et
1275 3387 1360 3482 rigi-

298 3499 402 3596 dum,
427 3517 464 3575 et
492 3503 594 3601 quod
619 3517 696 3576 erat
720 3503 941 3590 constantiae,
965 3491 1096 3576 'feritati
1122 3500 1357 3600 deputabant.

297 3618 360 3689 llis
384 3641 471 3690 vero
484 3619 547 3714 qui
565 3619 713 3718 propius
738 3620 979 3711 accessissent,
995 3621 1129 3716 quique
1143 3617 1193 3689 illi
1207 3617 1359 3690 familia-

297 3729 373 3801 rius
385 3728 641 3827 jungebantnr,
659 3731 765 3826 longe
783 3731 884 3804 aliter
896 3730 1104 3829 apparebat.
1124 3734 1258 3800 Verum
1274 3753 1358 3802 cum

297 3860 390 3917 esset
409 3846 504 3918 circa
519 3846 710 3919 familiares
725 3845 905 3921 humanus
918 3847 1002 3920 satis
1017 3861 1053 3920 ct
1060 3844 1253 3944 jocundus,
1267 3870 1359 3916 nun-

297 3981 409 4054 quam
423 3972 544 4031 tamen
560 3959 665 4031 illum
677 3958 835 4031 hilaritas
851 3958 1011 4049 resolvit,
1030 3959 1118 4029 sicut
1134 3982 1201 4029 nec
1216 3957 1357 4030 tristitia

298 4071 480 4148 demersit.
496 4078 582 4146 Erat
588 4075 684 4148 illius
694 4074 856 4148 officinm
867 4073 967 4172 quod
977 4072 1160 4148 bonorum
1170 4087 1225 4146 est
1234 4096 1360 4172 paren-

336 4381 368 4440 1.
382 4375 431 4437 Sic
444 4377 510 4438 cod.
525 4395 595 4451 mu,
610 4389 698 4457 atque
708 4375 777 4437 edd.
792 4374 884 4440 Felib.
901 4387 932 4436 et
945 4372 1062 4436 huonis
1081 4376 1118 4436 de
1133 4372 1252 4438 Altolio.
1264 4407 1304 4420 —
1315 4379 1356 4434 Ee

297 4474 395 4550 ignavi
406 4474 450 4528 vel
465 4477 559 4530 ermuli
572 4470 619 4532 ed.
634 4470 784 4532 Benedict.
1072 4525 1082 4548 ‚

337 4567 367 4624 2.
385 4563 478 4641 Eccl„
491 4584 547 4641 xu,
560 4567 611 4626 ll.
639 4597 679 4612 -
699 4569 730 4627 ³.
745 4561 814 4642 Job,
825 4582 910 4639 xxxx,
922 4567 973 4627 at.
