3742 5667
454 769 528 825 SUR
547 768 617 825 solt
637 770 957 829 suunttsruattolt
977 772 1193 836 aunarium.
1296 781 1352 837 tut

281 900 350 996 qui
365 925 450 973 eam
467 926 643 1001 occupare
657 902 810 975 libenter
822 927 887 1001 pro
902 904 1026 978 Judaeo
1034 930 1099 979 suo
1109 906 1226 997 vellet,
1240 909 1351 1007 ipsius

283 1039 375 1087 vero
390 1015 502 1088 Judaei
523 1019 629 1091 uxori
646 1016 773 1091 decem
793 1017 902 1091 libras
918 1034 956 1093 et
976 1018 1102 1093 decem
1122 1022 1263 1098 modios
1282 1026 1354 1097 fru-

284 1134 405 1205 menti
423 1134 628 1224 reddentes
652 1136 863 1209 retraximus
884 1160 947 1210 eos
966 1162 975 1209 τ
994 1152 1030 1211 et
1056 1137 1103 1210 de
1123 1136 1251 1213 decem
1274 1141 1352 1214 aliis

284 1249 323 1319 in
341 1248 597 1323 emendatione
612 1250 703 1324 vittae
718 1252 956 1325 ministerium
972 1252 1060 1326 illud
1076 1254 1153 1328 sine
1168 1256 1353 1329 exactione

284 1361 441 1439 fecimus
457 1369 694 1463 augmentari.
727 1370 819 1439 Cum
849 1368 955 1465 igitur
982 1385 1123 1444 constet
1152 1370 1287 1443 sactum
1307 1370 1353 1443 de

285 1478 418 1553 decem
441 1481 553 1554 Judaei
579 1497 616 1555 et
638 1481 764 1555 decem
796 1484 937 1556 noviter
961 1486 1197 1581 augmentatis
1226 1486 1352 1559 unius-

285 1596 463 1694 cujusque
491 1599 577 1671 anni
600 1597 855 1689 hebdomadae,
882 1601 1008 1695 viginti
1037 1599 1235 1673 solidorum
1270 1626 1355 1696 aug·

286 1728 455 1785 mentum
477 1715 735 1811 quinquaginta
760 1712 848 1787 duas
877 1714 986 1787 libras
1011 1714 1182 1804 efficiunt,
1203 1716 1249 1788 de
1269 1716 1353 1788 villa

287 1852 378 1900 veno
391 1829 528 1925 viginti.
546 1832 681 1901 Census
699 1844 823 1901 autem
844 1827 1005 1926 ejusdem
1026 1827 1117 1903 villae
1137 1832 1173 1903 in
1193 1831 1349 1904 octabis¹

287 1944 405 2016 sancti
432 1944 618 2043 Dionysii¹
635 1943 828 2018 duodecim
849 1944 971 2037 libras,
991 1946 1053 2043 qui
1081 1946 1191 2019 modo
1211 1961 1353 2020 constat

289 2060 415 2155 viginti
429 2076 465 2133 et
474 2060 558 2159 plus
573 2087 582 2132 ε
601 2059 698 2132 unde
716 2060 823 2157 hujus
839 2062 890 2133 rei
907 2061 1119 2134 incrementi
1132 2061 1232 2135 librae
1252 2078 1349 2157 octo,

291 2189 326 2247 et
341 2190 425 2247 octo
435 2174 482 2248 de
493 2175 649 2275 quadam
660 2173 771 2249 domo
783 2199 893 2274 quam
905 2176 1126 2249 constituens
1134 2176 1172 2249 in
1185 2178 1348 2270 macello,

291 2294 473 2391 emptione
504 2293 691 2390 cujusdam
713 2292 859 2365 alterius
882 2292 1032 2383 domus,
1065 2292 1189 2366 usibus
1212 2294 1353 2367 carnifi-

291 2433 388 2499 cum,
407 2408 560 2482 fratrum
574 2409 834 2483 infirmantium
849 2408 1097 2481 sustentationi
1117 2411 1348 2486 contulimus.

291 2528 381 2595 Sunt
395 2524 504 2620 igitur
516 2541 644 2623 quater
662 2527 784 2622 viginti
800 2541 836 2598 et
857 2525 994 2600 decem.
1011 2527 1064 2597 De
1073 2524 1223 2624 pedagio
1238 2528 1249 2582 t
1264 2552 1350 2602 vero

293 2642 414 2737 viginti
432 2641 554 2735 libras,
568 2668 652 2715 cum
669 2644 768 2741 prius
782 2658 899 2715 essent
912 2641 1148 2740 quadraginta
1160 2643 1346 2717 librarum.

294 2762 362 2830 Nos
377 2772 496 2831 autem
524 2758 609 2832 inde
628 2784 720 2858 saepe
735 2758 929 2832 habuimus
954 2758 1132 2855 sexaginta
1155 2771 1191 2830 et
1208 2759 1348 2853 decem,

293 2899 374 2946 cum
404 2873 522 2949 multo
551 2875 645 2975 plus,
667 2875 734 2948 nisi
763 2875 925 2974 rapinam
964 2884 1000 2947 et
1028 2874 1158 2972 rapine
1190 2872 1350 2975 [actores]

294 2991 682 3083 anathematizaremus,
714 2989 818 3063 facile
845 3014 1067 3088 unoquoque
1098 3014 1194 3063 anno
1219 2990 1353 3064 habere

295 3132 488 3205 possemus.

339 3227 392 3294 De
421 3223 561 3297 Indicto
587 3249 687 3315 vero,
712 3223 814 3322 quod
830 3222 1000 3296 dominus
1024 3222 1224 3295 Ludovicus
1250 3239 1354 3321 pater

296 3338 399 3411 beato
413 3340 587 3438 Dionysio
609 3339 722 3430 dedit,
743 3353 925 3412 trecentos
946 3336 1079 3410 solidos
1095 3339 1215 3436 quiete
1237 3352 1270 3410 et
1287 3364 1351 3438 pa-

295 3453 405 3545 ciiice,
428 3456 572 3551 triginta
595 3456 753 3553 quinque
779 3453 825 3526 de
843 3479 954 3527 censu
974 3452 1158 3525 stallorum
1174 3454 1351 3553 pistorum

294 3568 503 3669 inpantera,
517 3596 609 3669 quos
624 3572 661 3642 in
679 3570 769 3643 sesto
788 3569 980 3642 beatorum
992 3568 1238 3668 apostolorum
1252 3571 1351 3643 Petri

295 3701 328 3759 et
338 3687 441 3759 Pauli
462 3686 648 3760 refectioni
664 3686 815 3759 fratrum
839 3686 1095 3784 apposuimus:
1115 3682 1241 3756 decem
1267 3684 1350 3757 soli·

295 3801 357 3875 dos
370 3803 417 3876 de
431 3801 586 3877 Girardo
600 3817 731 3902 nepote
745 3825 841 3890 meo,
859 3800 1019 3900 quinque
1034 3799 1078 3871 de
1094 3796 1205 3871 domo
1221 3824 1297 3892 sua,
1314 3816 1351 3875 et

294 3915 450 4012 quinque
463 3913 509 3987 de
524 3914 692 3989 theloneo
708 3914 885 4011 garantiae.
899 3916 954 3985 De
968 3911 1093 4011 plateis
1106 3908 1237 3983 domus
1246 3911 1349 3984 Guil-

294 4028 388 4101 leimi
405 4030 677 4120 Cormeilensis,
706 4054 815 4128 quam
839 4053 906 4125 ego
935 4028 1006 4099 emi
1021 4044 1148 4126 quater
1165 4027 1288 4123 viginti
1306 4028 1351 4100 li·

330 4224 360 4283 i.
373 4223 500 4299 octabis,
514 4244 569 4305 pto
583 4228 697 4296 octavis,
709 4242 765 4283 ms.
779 4221 847 4282 cod.
860 4233 891 4282 et
901 4222 971 4283 edit.
990 4220 1109 4283 Chean.¹

332 4320 362 4375 2.
381 4318 467 4393 Quod
487 4337 593 4381 nomen
615 4317 646 4379 in
663 4316 720 4378 hoc
737 4314 838 4378 codice
857 4315 1028 4397 plerumque
1049 4312 1185 4378 scribitur
1204 4319 1352 4375 Dionisr'us

295 4422 342 4471 ant
352 4416 518 4487 Dyonisr‘us.

333 4511 361 4568 3.
375 4510 520 4587 Pedogr'co
535 4528 590 4571 ms.
607 4510 717 4570 (md.-
729 4514 760 4571 t.
775 4512 963 4571 Comeilemr's
974 4526 1028 4569 ms.
1043 4506 1109 4568 md.
