3742 5667
727 768 900 831 LETI'RES.
1300 776 1359 835 255

294 898 490 973 deliberari
511 902 676 975 feceritis.
700 908 753 975 De
773 902 975 977 redditibus
997 902 1104 977 etiam
1124 905 1361 979 exterioribus

295 1028 330 1087 et
357 1029 533 1089 terrarum
554 1017 716 1091 custodia
736 1019 935 1092 cavendum
957 1019 1041 1110 erit,
1065 1044 1111 1093 ne
1133 1020 1171 1091 in
1193 1022 1361 1095 manibus

294 1154 442 1219 eorum,
463 1132 546 1229 quia
563 1158 642 1206 eam
664 1136 812 1209 omnino
830 1135 1074 1231 religiosorum
1095 1135 1181 1208 odio
1203 1135 1362 1207 destrue·

293 1260 390 1338 rent,
405 1248 604 1322 dimittatis.
623 1253 770 1324 Constat
786 1253 884 1324 enim
904 1251 1004 1349 quod
1025 1250 1232 1348 irregulares
1254 1275 1359 1347 regu·

295 1358 431 1435 laribus
453 1389 638 1463 nunquam
673 1368 739 1439 nisi
778 1368 814 1439 in
854 1393 962 1440 manu
999 1368 1082 1440 forti
1111 1367 1358 1458 consentient,

294 1499 416 1574 neque
433 1503 500 1576 pro
521 1496 659 1554 extorta
676 1499 907 1582 peccatorum
920 1483 1117 1582 voluptate,
1136 1483 1203 1555 nisi
1219 1482 1357 1555 miseri·

294 1590 422 1666 cordia
436 1596 504 1667 Dei
516 1596 688 1691 effecerit,
702 1600 752 1671 eis
767 1625 850 1673 vera
865 1624 954 1699 pace
966 1600 1187 1697 jungentur¹.

296 1980 373 2029 vllt.
403 1980 451 2028 ΔΙ)
469 1982 684 2033 PRAEPOSITOS
704 1982 943 2033 arruntcnnsrs
960 1986 1002 2033 ΕΤ
1024 1984 1224 2037 BERVIENTBS
1243 1986 1355 2037 REGIS.

298 2248 391 2323 Suger
404 2248 521 2305 declara
532 2247 604 2324 qu'r'l
620 2270 640 2305 a
655 2251 752 2307 investi
766 2246 858 2307 fatte
871 2252 907 2307 de
926 2254 1051 2325 Massay
1067 2252 1104 2307 de
1120 2254 1151 2306 lu
1170 2253 1277 2327 regale,
1298 2272 1362 2309 sous

558 2346 588 2400 la
600 2348 710 2403 reserve
720 2346 758 2401 de
770 2342 976 2421 Papprobation
991 2346 1031 2401 du
1041 2349 1096 2403 roi.

695 2506 786 2585 (rita
810 2524 848 2563 ou
873 2507 963 2577 rrae)

345 2717 529 2811 Sngerius,
545 2718 611 2790 nei
638 2719 763 2815 gratia,
785 2718 879 2789 Beati
908 2716 1069 2815 Dionysii
1085 2714 1209 2805 abbas,
1225 2740 1361 2813 praepo·

299 2831 376 2903 sitis
391 2833 669 2905 Bituricensibus
683 2849 720 2908 et
734 2832 971 2907 servientibus
986 2832 1124 2905 domini
1148 2831 1252 2929 regis,
1272 2830 1362 2902 salu·

299 2960 372 3018 tem
387 2962 424 3019 et
438 2947 682 3021 dilectionem.

345 3064 453 3135 Venit
475 3080 558 3136 ante
583 3066 806 3162 presentiam
833 3077 992 3137 nostram
1019 3061 1233 3134 venerabilis
1254 3063 1361 3135 frater

295 3192 417 3251 noster
423 3177 535 3251 abbas
546 3182 843 3272 MaciacensisP.¹,
851 3195 899 3270 et,
914 3180 998 3277 quia
1005 3203 1043 3249 se
1052 3176 1254 3250 absentasse
1263 3178 1362 3249 vide-

297 3292 418 3386 batur,
435 3319 502 3392 pro
520 3296 703 3370 voluntate
718 3312 839 3371 nostra
851 3295 935 3367 inde
945 3293 1052 3366 nobis
1063 3293 1242 3365 satisfecit.
1257 3292 1361 3363 Unde

299 3424 333 3482 et
350 3436 418 3483 nos
436 3436 522 3483 eum
536 3411 582 3484 de
600 3413 709 3509 regali
725 3413 843 3487 taliter
855 3410 1115 3499 investivimus,
1136 3423 1177 3480 ut
1191 3433 1277 3481 eum
1290 3407 1359 3480 do-

296 3525 416 3597 minus
429 3552 505 3620 rex,
516 3530 594 3599 Deo
607 3544 800 3617 annuente,
816 3527 978 3614 redierit,
994 3526 1023 3597 si
1036 3523 1125 3620 quid
1139 3537 1359 3596 contraeunt

297 3642 418 3715 fecisse
437 3643 590 3735 videtur,
609 3643 933 3742 adheneplacitum
948 3642 1024 3738 ejus
1042 3665 1080 3711 se
1097 3638 1360 3710 satisfacturum

296 3758 475 3833 exhibeat.
491 3760 701 3833 Mandemus
711 3761 816 3859 igitur
822 3758 936 3849 vobis,
950 3770 1103 3856 exparte
1117 3754 1258 3826 domini
1267 3754 1359 3848 regis

297 3889 329 3947 et
345 3890 486 3966 nostra,
504 3876 673 3973 quatinus
687 3877 874 3975 prefatum
887 3872 1057 3947 abbatem
1071 3887 1106 3944 et
1123 3895 1203 3968 quae
1215 3869 1263 3942 ad
1276 3894 1360 3940 eum

296 4004 458 4087 spectant
488 3989 640 4086 diligatis
669 4004 705 4061 et
731 3989 916 4062 honoretis
948 4001 984 4058 et
1013 3984 1295 4077 manuteneatis,
1324 3997 1361 4054 et

336 4329 366 4383 f.
381 4325 424 4383 Ex
438 4322 556 4395 Chesn„
573 4324 622 4391 tv,
638 4322 708 4383 508.
719 4351 754 4366 -
765 4318 883 4392 Dubis,
900 4324 978 4378 Hirr.
992 4321 1061 4381 eccl.
1080 4319 1187 4386 Paria,
1202 4316 1242 4395 11,
1257 4317 1357 4377 98.-

298 4419 364 4476 fler.
380 4421 480 4495 gallic.
496 4417 640 4494 scriptor„
652 4416 718 4485 XV,
732 4416 802 4473 505.

339 4512 367 4570 2.
384 4513 499 4569 Petrus.
514 4542 551 4554 -
565 4507 739 4583 Marianum,
754 4525 830 4565 nunu
845 4508 970 4578 Massay
983 4501 1091 4583 (Cher).
