3742 5667
396 1214 481 1291 mr.
508 1242 557 1291 ab
571 1241 763 1292 MDULPUH
778 1240 937 1293 comm
956 1240 1273 1293 vluouauburtsnta.

305 1508 399 1581 Suger
413 1523 444 1561 se
457 1507 552 1579 plaiae
566 1524 605 1563 au
622 1518 709 1563 comte
724 1507 761 1563 de
781 1508 968 1565 Vermandois
983 1508 1034 1564 des
1052 1493 1197 1568 ricwinis
1208 1514 1363 1590 sacrileges

345 1606 491 1658 commises
505 1604 578 1659 dans
587 1602 742 1680 Pegllsede
752 1602 916 1681 Compiebme
925 1621 984 1677 par
996 1600 1142 1678 Philippa,
1157 1602 1237 1678 frere
1249 1606 1289 1661 du
1304 1611 1362 1681 ror‘,

345 1706 375 1751 et
389 1712 433 1751 ses
455 1698 621 1771 complices,
638 1698 664 1752 il
683 1692 700 1753 l
703 1700 789 1753 invite
807 1696 873 1753 lese
885 1696 1003 1769 joindre
1018 1693 1091 1752 &lui
1102 1713 1177 1771 pour
1192 1694 1302 1753 chasier
1320 1698 1363 1753 les

345 1785 506 1864 coupables.

783 1947 887 2030 (raso)
938 2036 942 2041 .

351 2162 502 2259 Egregie
520 2160 791 2235 viromandensi
806 2161 928 2235 comiti
939 2164 1007 2253 R.¹,
1018 2163 1200 2235 carissimo
1215 2161 1365 2237 domino

307 2293 342 2350 et
356 2278 475 2357 amico
491 2302 569 2369 suo,
590 2278 757 2373 Sugerius
775 2278 870 2351 Beati
885 2277 1047 2375 Dionysii
1066 2276 1193 2367 abbas,
1213 2278 1364 2353 salutem

305 2410 341 2467 et
355 2392 599 2467 dilectionem.

354 2511 462 2582 Novit
474 2509 641 2583 discretio
656 2526 771 2583 vestra
794 2508 894 2607 quod
914 2511 1084 2585 dominus
1103 2536 1195 2612 papa
1209 2511 1361 2584 auctori·

305 2640 379 2697 tate
394 2626 590 2725 apostolica
609 2625 655 2698 de
676 2626 925 2699 constituenda
949 2626 1120 2723 religione
1150 2630 1188 2701 in
1215 2626 1364 2701 ecclesia

305 2740 584 2840 Compendiensi
604 2766 697 2815 onus
716 2738 838 2837 nobis,
855 2742 937 2815 licet
954 2743 1086 2834 invitis,
1099 2744 1281 2843 imposuit.
1294 2744 1366 2831 Qui

306 2856 404 2928 enim
422 2856 468 2929 de
479 2882 546 2930 suo
562 2858 678 2953 timet,
686 2858 802 2931 alieno
819 2859 956 2956 gravari
969 2884 1079 2932 onere
1094 2883 1170 2933 non
1186 2859 1366 2932 immerito

306 2972 417 3048 dolet.
443 2978 545 3047 Nunc
569 2991 689 3048 autem
709 2974 808 3073 quod
831 3000 852 3046 a
872 2974 978 3049 nobis
1000 2999 1069 3073 pro
1093 2976 1254 3073 injuncta
1276 2973 1364 3047 obe·

308 3088 443 3164 dientia
470 3090 748 3164 determinatum
780 3091 910 3177 fuerat,
931 3092 1169 3163 irreverenter
1193 3090 1365 3163 violatum

306 3227 382 3277 esse
399 3221 559 3298 constat,
578 3220 612 3279 et
635 3205 737 3303 quod
753 3204 921 3277 dominus
946 3229 1008 3277 rex
1032 3204 1077 3277 de
1095 3204 1223 3278 eadem
1246 3231 1286 3278 re
1302 3232 1365 3278 vo-

305 3317 446 3392 biscum
459 3336 496 3393 et
510 3344 594 3393 cum
609 3318 757 3393 domina
772 3320 913 3415 regina²
932 3319 1098 3406 contulit,
1121 3335 1182 3392 aut
1198 3319 1286 3392 nibil
1302 3336 1366 3392 aut

306 3458 434 3533 parum
450 3437 596 3535 profuit.
616 3437 786 3534 Sequenti
804 3437 902 3509 enim
916 3432 1019 3537 [diel'
1033 3436 1152 3509 statim
1176 3460 1260 3508 cum
1273 3436 1364 3508 exis-

306 3542 438 3643 semus,
455 3550 612 3624 domnus
622 3552 817 3651 Philippus,
833 3552 942 3625 frater
957 3554 1079 3649 regis⁸,
1094 3577 1177 3627 cum
1194 3552 1363 3648 sacrilega

305 3680 341 3739 et
360 3683 498 3740 armata
520 3682 595 3739 tam
613 3668 786 3741 laicorum
804 3692 913 3766 qnam
928 3667 1142 3742 clericorum
1165 3693 1275 3750 manu
1302 3693 1364 3740 ve·

305 3782 419 3872 niens,
439 3783 695 3856 monasterium
713 3783 891 3858 violenter
914 3785 1057 3884 irrupit,
1080 3798 1116 3856 et
1135 3783 1305 3883 pyxidem
1325 3782 1361 3854 in

305 3923 377 3996 qua
392 3924 466 3973 non
480 3900 622 3974 modica
639 3900 871 3998 reliquiarum
885 3899 1007 4000 portio
1028 3898 1280 3973 continebatur
1305 3922 1362 3971 ra-

345 4134 376 4194 l.
388 4130 527 4195 Radnllo.
549 4166 587 4178 -
608 4134 640 4195 2.
654 4132 802 4195 Adelalde.
1026 4201 1028 4204 ¹

345 4228 374 4285 3.
395 4229 448 4285 Die
461 4226 536 4289 inter
550 4226 670 4288 uncinos
683 4226 823 4302 adjiciunt
838 4224 986 4309 benedict.

345 4320 374 4377 4.
391 4319 542 4401 Philippus
553 4331 617 4382 erat
630 4320 824 4382 thesaurarius
838 4316 1074 4399 compendiensis
1084 4316 1222 4389 ecclesie,
1236 4317 1364 4377 decanus

306 4422 335 4469 et
346 4411 516 4472 archiclavis
525 4414 620 4473 Sancti
631 4413 747 4474 Martini
757 4412 942 4485 Turonensis,
953 4410 1172 4471 archidiaconus
1181 4409 1362 4486 Parisiensis,

305 4520 339 4561 ac
352 4508 492 4583 praetereb
506 4506 595 4567 abbas
608 4507 798 4586 quarumdam
814 4504 935 4565 aliarum
949 4502 1088 4581 regalium
1104 4500 1284 4562 abbatiarum
1297 4506 1366 4577 (Be-

308 4597 442 4680 rediet).
