3742 5667
591 808 653 863 vlu
675 808 724 863 DE
745 806 857 865 touls
876 808 922 864 LE
945 808 1054 869 GROS.
1331 814 1368 868 ot

306 937 364 1009 nis
385 937 665 1011 munitissimum
681 952 837 1010 castrum
852 936 1045 1031 divertens,
1072 940 1184 1012 multo
1200 942 1369 1016 conflictu

307 1053 522 1151 impugnare
542 1054 740 1127 contendit.
765 1054 897 1127 Videus
916 1069 1037 1127 autem
1057 1055 1221 1153 praefatus
1244 1059 1370 1131 Haimo

308 1165 411 1237 nullo
423 1166 535 1239 modo
547 1192 585 1239 se
601 1191 705 1265 posse
719 1166 894 1259 resistere,
904 1166 980 1264 jam
998 1182 1035 1239 et
1046 1191 1206 1266 personae
1219 1184 1255 1241 et
1266 1170 1373 1245 castri

310 1306 374 1381 spe
398 1282 552 1372 sublata,
574 1282 670 1355 hanc
688 1282 801 1355 solam
825 1282 946 1355 salutis
971 1308 1042 1356 suae
1062 1285 1242 1383 reperiens
1262 1286 1370 1379 viam,

308 1394 467 1495 pedibus
482 1396 621 1471 domini
634 1399 726 1494 regis
739 1412 938 1497 prostratus
953 1412 988 1469 et
1005 1398 1202 1471 multorum
1219 1397 1374 1473 admira·

312 1514 410 1586 tione
434 1516 560 1613 saepius
579 1514 773 1604 revolutus,
790 1528 828 1585 ut
845 1515 882 1585 in
897 1538 979 1586 eum
1000 1514 1277 1588 misericorditer
1292 1540 1375 1612 age·

314 1643 367 1701 ret
389 1628 601 1728 efflagitans,
619 1646 776 1705 castrum
799 1628 933 1723 reddit,
962 1630 1116 1728 seipsum
1130 1631 1233 1727 regiae
1248 1633 1374 1731 majes-

312 1745 394 1817 tatis
411 1745 563 1819 arbitrio
586 1762 704 1819 totum
731 1745 895 1845 exponit,
912 1760 949 1817 et
964 1761 1100 1842 quanto
1124 1744 1313 1845 superbius
1339 1772 1377 1821 se

312 1860 534 1935 subduxerat
562 1876 663 1934 tauto
690 1860 875 1955 humilius,
901 1860 959 1933 his
984 1862 1144 1950 edoctus,
1163 1862 1308 1960 justitiae
1339 1888 1376 1937 se

311 1978 468 2050 reduxit.
497 1981 568 2050 Rex
584 2002 671 2051 vero
696 1992 835 2050 retento
852 1994 983 2069 castro,
999 1993 1036 2050 et
1054 1979 1182 2051 eodem
1203 1980 1377 2052 Haimone

312 2093 349 2164 in
375 2093 541 2165 Francia¹
569 2096 700 2165 causae¹
720 2093 884 2184 reducto,
914 2098 1135 2166 Francorum
1156 2094 1295 2191 judicio
1315 2109 1377 2167 aut
1459 2086 1463 2093 ’

312 2209 523 2299 eoncordia,
540 2210 707 2281 avunculi
725 2224 761 2282 et
785 2210 926 2308 nepotis
947 2209 1046 2281 litem
1070 2225 1146 2281 tam
1168 2210 1377 2307 justisssime

313 2348 425 2423 quam
446 2324 604 2424 piissime
619 2325 775 2415 diremit,
791 2324 1060 2423 multorumque
1079 2326 1324 2424 oppressiones
1343 2341 1379 2398 et

312 2438 461 2513 labores
476 2453 686 2539 sumptuoso
704 2439 836 2512 sudore
858 2440 1092 2539 consumpsit.
1110 2444 1191 2513 Haec
1204 2456 1240 2513 et
1257 2440 1313 2513 his
1330 2440 1379 2513 si·

315 2555 416 2627 milia
433 2559 472 2628 in
486 2556 648 2655 partibus
663 2555 730 2627 illis
743 2554 870 2627 crebro
887 2556 1160 2629 clementissime
1177 2581 1244 2656 pro
1261 2558 1379 2655 quiete

317 2672 551 2745 ecclesiarum
586 2686 623 2744 et
651 2696 850 2772 pauperum
880 2685 1022 2771 patrare
1051 2672 1260 2745 consuevit:
1283 2696 1377 2768 quae,

319 2788 403 2885 quia
417 2788 448 2859 si
466 2787 558 2885 stylo
574 2785 803 2859 traderentur
818 2784 964 2858 tedium
976 2802 1200 2883 generarent,
1222 2810 1382 2885 superse·

319 2902 405 2977 dene
426 2903 575 3000 dignum
596 2901 775 2975 duximus.

367 3023 477 3092 xxt‘.
501 3018 617 3091 Habet
637 3018 781 3089 effrenis
799 3016 906 3090 elatio
931 3016 1002 3089 hoc
1021 3016 1175 3116 amplius
1199 3017 1378 3117 superbia,

320 3152 361 3211 nt
371 3161 458 3209 cum
477 3134 554 3209 haec
569 3132 871 3235 superioritatem,
888 3133 950 3205 illa
966 3132 1199 3205 nihilominus
1217 3132 1385 3229 dedigne-

322 3266 381 3325 tur
393 3252 596 3351 paritatem.
616 3250 683 3324 Cui
693 3248 782 3322 illud
797 3248 964 3321 convenit
981 3250 1186 3347 poeticum:

485 3433 544 3489 Nec
556 3448 723 3506 quemquam
735 3431 858 3506 sufferre
865 3440 962 3504 potest
976 3431 1102 3491 casam
1110 3434 1252 3507 priorem,

483 3528 668 3600 Pompeiusve
680 3520 801 3600 parem⁸
804 3561 1214 3586 .............

325 3674 370 3745 Et
389 3672 563 3770 quonum
589 3671 707 3741 omnis
720 3684 880 3767 potestas
898 3671 1089 3766 impatiens
1110 3686 1284 3741 conserus
1302 3656 1387 3761 ortt,

328 3880 670 3941 didm-Germanicum
683 3877 740 3934 tat
752 3885 781 3933 et
794 3872 878 3951 reliq.
891 3871 959 3933 edd.
968 3874 1099 3931 -Nunc
1109 3876 1264 3950 Germt'gny
1275 3868 1388 3951 (Cher).

328 3968 628 4051 Hancexpeditionem
635 3970 674 4027 ad
683 3987 733 4030 an.
751 3970 828 4028 ttttt
841 3967 970 4026 referunt
983 3965 1072 4028 Guill.
1086 3970 1192 4044 Nang„
1204 3961 1297 4028 adan.
1308 3970 1387 4025 1117

329 4064 488 4132 nudie..
501 4064 553 4123 sed
565 4062 597 4121 bi
610 4073 752 4121 errantes.

370 4164 401 4221 1.
414 4164 451 4217 Iu
465 4160 617 4217 &unciam
631 4154 709 4215 solus
722 4157 812 4216 6205.

370 4256 401 4312 2.
416 4259 493 4313 Litts
505 4258 592 4309 causa
602 4250 680 4329 apud
690 4248 811 4309 Freher.
827 4245 920 4305 Caute’
932 4246 1029 4306 forsan
1043 4244 1210 4325 legendum.

373 4356 401 4412 3.
414 4348 524 4411 Lucani
537 4350 655 4420 Phara,
666 4346 719 4407 lib.
733 4350 758 4419 1,
771 4344 852 4426 cujus
865 4343 950 4405 initio
963 4342 1046 4426 prius
1061 4344 1195 4423 leguntur
1211 4362 1220 4402 ι

492 4460 582 4519 Nulla
594 4456 667 4532 fides
681 4461 763 4533 regni
775 4459 860 4511 sociis
864 4475 876 4527 ,·
893 4458 1037 4529 omnisque
1044 4464 1171 4531 potestas

493 4554 651 4628 Impatirm
664 4553 799 4606 consortis
808 4550 874 4609 erit.
