3742 5667
605 850 666 906 vra
686 850 735 907 nn
757 850 865 907 coms
886 852 933 907 aa
954 818 1060 909 ouos'.
1321 852 1376 909 ror

316 976 482 1069 turbare,
500 982 651 1051 omnino
666 1004 751 1053 eum
769 981 924 1078 aggredi,
941 994 1015 1054 tota
1040 981 1171 1054 virtute
1188 982 1384 1055 contende-

315 1094 421 1166 rint¹.
451 1096 525 1183 Qui
554 1120 621 1168 nec
644 1097 861 1169 exteriorum
890 1112 1043 1187 tantum,
1074 1095 1138 1169 sed
1171 1098 1382 1171 interiorum

317 1207 512 1281 bominum
543 1236 709 1301 suorum,
742 1214 902 1307 Hugonis
930 1211 1099 1285 videlicet
1130 1214 1380 1303 Gornacensis,

314 1326 461 1397 comitis
484 1328 623 1417 Oensis,
651 1328 792 1400 comitis
817 1327 1107 1401 Albemarlensis’
1128 1344 1163 1400 et
1183 1328 1383 1417 multorum

314 1439 474 1513 aliorum
497 1442 749 1516 lacessiebatur
772 1468 981 1539 guerrarum
1007 1444 1157 1541 injuriis.
1184 1445 1255 1531 Qui
1274 1446 1382 1516 etiam

315 1556 363 1627 ad
384 1557 576 1631 cumulum
598 1559 682 1631 mali
698 1560 867 1632 intestino
888 1558 1032 1633 malitiae
1053 1558 1292 1632 devexabatur
1312 1560 1384 1631 dis·

315 1673 474 1771 pendio,
492 1699 577 1747 cum
609 1690 647 1746 et
673 1674 950 1747 camerariorum
980 1688 1014 1747 et
1048 1673 1382 1767 cubiculariorum¹,

316 1790 456 1887 privata
490 1790 645 1863 factione
668 1791 891 1889 perterritus,
920 1814 1013 1889 saepe
1044 1788 1178 1861 lectum
1215 1804 1383 1883 mutaret,

317 1928 410 2001 saepe
430 1919 612 1977 nocturno
637 1905 758 1978 timori
788 1905 911 2001 vigiles
933 1921 1091 1977 armatos
1117 1905 1382 2003 multiplicaret,

317 2035 400 2091 ante
425 2046 464 2092 se
489 2021 730 2094 dormientem
754 2037 898 2093 scutum
923 2036 960 2093 et
981 2020 1138 2117 gladium
1166 2020 1385 2092 omninocte

316 2136 487 2208 constitui
511 2137 712 2235 imperaret.
740 2141 878 2209 Horum
895 2161 980 2208 vero
997 2161 1090 2208 unus
1110 2137 1300 2209 Henricus‘
1319 2161 1384 2207 no-

317 2252 415 2322 mine
434 2250 665 2324 familiarium
690 2252 851 2339 intimus,
876 2253 968 2348 regis
996 2252 1208 2324 liberalitate
1237 2250 1382 2339 ditatus,

317 2380 447 2464 potens
467 2382 504 2439 et
532 2369 701 2458 famosus,
732 2367 902 2440 famosior
921 2369 1102 2466 proditor,
1125 2385 1198 2441 tam
1219 2365 1386 2440 horribili

318 2484 473 2555 factione
496 2484 749 2582 deprehensus,
775 2484 968 2557 oculorum
991 2498 1025 2556 ct
1047 2482 1254 2579 genitalium
1274 2483 1386 2553 amis-

318 2598 432 2689 sione,
461 2624 546 2670 cum
571 2600 741 2698 laqueum
764 2599 1001 2671 suffocantem
1024 2598 1224 2688 meruisset,
1248 2597 1386 2669 miseri-

319 2714 478 2787 corditer
495 2731 548 2787 est
565 2716 768 2788 damnatus.
787 2716 849 2787 His
865 2730 901 2787 et
914 2712 1046 2785 talibus
1057 2738 1119 2786 rex
1135 2738 1313 2811 nusquam
1330 2738 1385 2785 se·

319 2856 438 2922 curus,
462 2832 590 2903 nativae
606 2830 907 2927 magnanimitatis
923 2830 1133 2902 strenuitate
1154 2829 1382 2927 conspicuus,

318 2948 354 3018 in
378 2962 460 3019 arto
489 2947 673 3045 providus,
700 2949 806 3020 etiam
833 2947 871 3017 in
892 2946 1006 3020 ostio⁵
1023 2944 1139 3040 gladio
1160 2944 1380 3041 cingebatur,

320 3086 385 3133 nec
413 3087 510 3159 quos
537 3060 682 3134 fidiores
710 3062 869 3134 habebat
908 3074 1006 3133 extra
1036 3060 1166 3132 domos
1191 3060 1317 3155 gladiis
1346 3086 1383 3131 se

319 3178 409 3273 cingi
416 3180 441 3268 ⁶,
458 3202 687 3275 quacumque
707 3176 841 3251 mulcta
860 3194 1030 3275 tanquam
1058 3174 1165 3265 ludo,
1187 3176 1383 3274 impunitos

322 3294 532 3367 sustinebat.

370 3414 448 3499 Qua
459 3424 669 3508 tempestate
676 3408 825 3506 quidam
840 3406 950 3481 etiam
960 3412 1208 3505 [ingerrannus
1217 3408 1263 3482 de
1274 3407 1382 3481 Calvo

364 3735 392 3793 l.
404 3731 449 3789 lta
462 3729 549 3792 codd.
568 3747 678 3788 omues.
692 3761 732 3774 —
746 3730 960 3789 contenderunt
971 3727 1041 3789 edd.

363 3827 394 3882 2.
413 3821 537 3882 Henrici
553 3826 579 3894 1,
596 3820 648 3881 filii
663 3820 811 3881 Guillelmi
822 3823 863 3893 11,
874 3820 988 3881 comitis
1000 3818 1102 3881 Ocnsis
1116 3819 1207 3901 (nu);
1231 3818 1381 3901 Stephani,

324 3914 432 3977 odonis
442 3916 657 3995 Campaniensis
673 3914 737 3988 lilii,
755 3912 872 3975 comitis
884 3914 1109 3974 albemarlensis
1124 3914 1284 3995 (Armate).

362 4014 392 4069 3.
412 4007 1384 4081 Ercubicutarr'orumdesuntincod.l35‚acinedd.Germ.ethesn.

361 4108 391 4165 t.
409 4110 549 4163 [letricus
560 4108 639 4167 aaut
649 4124 685 4163 ac
696 4103 767 4164 edit.
782 4101 930 4163 Benedict.
945 4107 978 4162 ln
992 4102 1055 4162 aliis
1065 4102 1153 4165 codd.
1168 4116 1197 4162 et
1210 4102 1291 4176 edd„
1306 4102 1384 4162 dun·

322 4210 400 4257 taxat
413 4196 510 4257 littera
522 4201 561 4258 Η.

361 4302 390 4358 5.
405 4300 498 4367 ostro,
511 4314 568 4374 pro
578 4296 713 4369 hospitio,
724 4296 818 4359 doato.
830 4298 952 4365 palatio.

363 4396 392 4452 6.
414 4392 458 4447 lta
478 4402 537 4449 tres
554 4389 641 4450 codd.
659 4401 689 4447 et
702 4386 771 4447 edit.
787 4386 936 4447 Benedici.
950 4420 990 4433 -
1004 4386 1131 4463 Errr'ngr'
1146 4388 1213 4459 135,
1229 4390 1342 4461 tatto,
1353 4406 1387 4445 ac

324 4482 441 4561 reliqna»
460 4482 529 4542 edd.
543 4486 588 4540 De
608 4480 741 4555 bisrrgis
765 4478 924 4559 angiorum
947 4477 1110 4547 timoribus,
1125 4478 1164 4541 cf.
1184 4479 1290 4540 Order.
1313 4480 1386 4551 Vir,

324 4575 375 4637 lib.
385 4579 456 4637 ΧΠ.
