3742 5667
725 855 788 912 Vlli
808 857 859 914 DE
879 855 1012 914 SUGllll.
1339 853 1397 914 aaa

321 985 554 1060 tianissimus
569 1011 715 1086 quaque
730 1013 790 1060 rex
808 988 1023 1077 Ludovicus,
1038 1012 1123 1061 cum
1139 989 1279 1085 longius
1294 987 1397 1062 abes-

322 1117 397 1194 set,
419 1119 574 1204 accepto
590 1103 710 1177 obitus
724 1103 819 1177 illius
836 1105 1040 1177 tristissimo
1053 1106 1193 1197 nuntio,
1210 1129 1279 1205 pro
1291 1100 1398 1178 'fami-

322 1215 491 1294 liaritate
521 1234 558 1292 et
583 1243 706 1292 amore
731 1243 840 1316 quem
867 1220 913 1291 ad
939 1219 1093 1291 invicem
1110 1219 1244 1293 diutius
1263 1219 1399 1293 babue-

324 1349 430 1425 rant,
455 1336 605 1430 negotiis
623 1334 792 1408 omnibus
806 1335 1026 1426 intermissis,
1042 1359 1127 1408 cum
1142 1337 1326 1435 praecipuis
1343 1359 1400 1407 re·

326 1451 392 1544 gni
412 1449 651 1549 optimatibus
670 1452 878 1524 acceleravit
891 1452 1049 1549 exequiis
1062 1452 1233 1524 interesse
1248 1479 1257 1524 t
1276 1450 1351 1540 ubi,
1365 1467 1401 1523 et

326 1565 482 1662 pietatis
506 1590 648 1638 memor
670 1579 706 1637 et
721 1568 824 1662 regiae
841 1566 1061 1639 celsitudinis
1080 1568 1284 1657 immemor,
1303 1591 1400 1638 ama-

328 1681 493 1771 rissime,
518 1681 605 1753 dum
633 1681 855 1778 sepeliretur,
875 1682 958 1754 llere
983 1706 1059 1754 nou
1084 1680 1221 1755 destitit
1233 1685 1257 1756 ¹.
1283 1685 1402 1754 Unum

328 1795 600 1894 proculdubio
618 1808 769 1886 constat,
787 1821 862 1868 non
881 1797 1037 1895 potuisse
1052 1796 1183 1870 scilicet
1202 1797 1305 1869 illum
1327 1821 1401 1869 non

331 1909 495 2006 gloriose
513 1913 769 1998 consummari,
790 1913 893 2010 cujus
909 1927 983 1984 tota
1002 1914 1075 1985 vita
1091 1927 1316 2011 precesserat
1331 1913 1403 2008 glo·

331 2027 449 2100 riosa.
462 2029 565 2101 Unde
577 2029 747 2101 divinitus
765 2032 950 2128 provisum
964 2045 1067 2102 estut
1083 2045 1119 2101 et
1128 2030 1316 2103 transitum
1327 2030 1403 2126 ejus

332 2143 530 2240 pontifices
554 2160 814 2236 consecrarent,
840 2159 876 2217 et
896 2145 1117 2244 sepulturam
1140 2169 1204 2217 sua
1218 2145 1404 2245 praesentia

334 2283 404 2330 rex
421 2260 618 2354 insigniret.
641 2261 712 2332 Sed
729 2276 764 2334 et
779 2263 868 2334 sacri
883 2262 1021 2360 Templi
1040 2262 1210 2356 magister
1228 2285 1313 2332 cam
1330 2285 1403 2332 non

335 2398 453 2474 parva
473 2376 528 2448 sui
550 2376 687 2449 ordinis
705 2375 828 2449 militia
841 2376 964 2468 alluit,
982 2376 1046 2474 qui
1059 2376 1227 2475 precibus
1238 2392 1275 2448 et
1290 2375 1404 2473 lacry-

339 2491 425 2582 mis,
457 2491 515 2564 vel
542 2491 674 2589 quibus
699 2490 818 2564 modis
835 2507 1017 2589 poterant,
1037 2491 1204 2566 dilectam
1235 2491 1302 2563 sibi
1328 2492 1403 2563 aui-

338 2631 442 2678 mam
460 2607 614 2680 Domino
641 2608 956 2681 commendabant.
987 2611 1059 2679 Nos
1082 2633 1168 2680 vero
1192 2609 1273 2679 vitae
1295 2609 1406 2708 ipsius

340 2722 846 2822 superstites,qucdsineipso
857 2724 1022 2796 solatium
1034 2726 1227 2822 capiemus,
1237 2723 1300 2820 qui
1309 2723 1406 2795 solus

342 2837 522 2910 consolari
546 2855 736 2911 moerentes
760 2838 909 2928 solebat,
929 2840 1084 2912 excitare
1097 2840 1267 2928 laetitiam,
1284 2839 1407 2934 fugare

341 2953 628 3026 moestitudinem
638 2955 653 3026 P
662 2954 855 3042 Quomodo
865 2978 988 3027 carere
1000 2956 1199 3053 poterimus
1213 2969 1312 3038 tauto
1326 2954 1407 3024 vitae
1455 2971 1459 2977 ’

342 3070 489 3160 comite,
510 3086 609 3143 tanto
633 3093 800 3142 curarum
817 3084 854 3142 et
882 3068 1047 3142 laborum
1077 3069 1283 3143 levamine?
1308 3067 1406 3157 Quid

340 3187 431 3260 boni
446 3189 576 3260 sanitas
594 3187 738 3277 habeat,
755 3189 907 3282 languor
927 3187 1096 3259 ostendit.
1128 3187 1211 3258 Plus
1236 3187 1408 3259 sentimus

343 3303 433 3401 quid
450 3301 697 3388 habuerimus,
716 3318 907 3401 postquam
924 3302 1059 3374 babere
1080 3302 1288 3374 desinimus.
1308 3305 1409 3373 Unus

345 3419 419 3517 ipse
435 3433 511 3490 erat
528 3418 646 3509 nobis,
659 3419 696 3489 in
707 3443 781 3516 qno
794 3417 991 3490 domestica
1005 3416 1210 3490 sollicitudo
1220 3414 1405 3488 residebat

347 3547 382 3605 et
397 3557 483 3606 cura
496 3533 699 3631 quiescebat
710 3532 866 3632 publica.
882 3537 981 3604 Unus
990 3531 1095 3605 nobis
1106 3547 1183 3604 erat
1193 3547 1228 3604 et
1241 3530 1343 3604 domi
1354 3555 1409 3602 so

348 3648 433 3720 latio
448 3663 485 3720 et
493 3649 578 3721 loris
585 3648 869 3720 honori.Verum
879 3646 1007 3743 ingrati
1016 3647 1061 3719 de
1070 3647 1242 3723 translato
1250 3671 1325 3718 esse
1333 3672 1408 3719 non

350 3763 535 3856 debemus,
558 3766 643 3864 quia
663 3762 762 3861 quod
788 3765 947 3836 naturae'
963 3763 1167 3836 communis
1185 3778 1259 3836 erat
1275 3761 1410 3860 persol-

349 3881 410 3971 vit,
429 3879 528 3977 quod
544 3881 661 3976 gratiae
688 3879 877 3974 singularis
897 3905 917 3950 a
945 3879 1087 3951 Christo
1109 3877 1281 3977 percepit.
1311 3881 1410 3965 Quo-

350 3996 461 4069 modo
476 4010 597 4068 autem
614 4019 775 4092 unquam
792 3994 990 4093 poterimus
1004 3994 1049 4066 de
1062 3995 1141 4092 ipso
1161 4017 1236 4065 non
1258 3992 1411 4088 cogitare

350 4126 412 4186 aut
433 4111 625 4210 aliquando
642 4112 718 4210 ejus
741 4111 922 4184 reminisci
934 4113 1013 4184 sine
1030 4111 1197 4209 lacrymis
1212 4125 1248 4182 et
1270 4107 1407 4201 dolore,

390 4407 419 4462 l.
435 4401 481 4463 Gi.
495 4401 532 4462 de
547 4401 604 4462 boc
617 4403 821 4462 documentum
835 4400 910 4461 inira
920 4401 1074 4474 insertum,
1091 4421 1122 4481 p.
1140 4405 1212 4464 litt.

390 4497 420 4559 2.
436 4501 555 4558 Natura
567 4495 638 4556 edit.
659 4495 768 4556 Bened.
784 4529 826 4542 -
839 4501 953 4558 Natura
971 4497 1038 4558 cod.
1060 4514 1129 4568 ms„
1151 4507 1179 4554 et
1196 4494 1266 4556 edd.
1285 4493 1350 4560 bar.
1371 4494 1413 4558 de

352 4588 457 4651 Aitolia
472 4609 506 4649 ac
520 4589 626 4663 velih,
642 4591 692 4651 sed
707 4591 792 4652 male.
