3742 5667
469 749 527 805 saa
686 746 850 805 oeuvnss
870 727 1080 803 connubias
1101 746 1151 801 nn
1172 745 1304 805 susm.

467 878 587 973 regina
598 892 634 949 et
650 876 730 949 filiis
745 878 778 949 ei
796 900 1001 969 occurrens,
1015 874 1173 949 nobilem
1188 892 1225 949 et
1236 875 1443 950 diademate
1469 896 1550 945 sae·

469 998 550 1097 pius
582 1014 795 1071 coronatum
821 998 993 1069 verticem
1017 1010 1188 1094 tanquam
1217 996 1263 1069 ad
1295 998 1550 1097 sepulchrum

468 1114 564 1187 Petri
591 1114 780 1201 inclinans,
805 1111 958 1212 pedibus
977 1112 1052 1208 ejus
1068 1112 1288 1209 procumbit,
1307 1112 1550 1185 catholicum

468 1229 638 1302 affectum
655 1244 692 1301 et
710 1226 832 1300 devoti
845 1227 978 1300 servitii
995 1227 1163 1301 ellectum
1176 1228 1209 1297 ei
1224 1242 1260 1299 et
1273 1226 1436 1299 Ecclesiae
1447 1247 1552 1325 pro-

466 1346 592 1417 mittit.
613 1345 719 1441 Cujus
728 1343 891 1440 exemplo
901 1358 936 1416 et
945 1368 1006 1415 rex
1020 1344 1149 1439 Angliae
1162 1344 1336 1415 Henricus
1348 1344 1380 1415 ei
1394 1347 1548 1415 Carno-

467 1476 545 1533 tum
563 1484 769 1551 occurrens,
786 1458 1014 1532 devotissime
1043 1458 1196 1557 pedibus
1223 1459 1299 1556 ejus
1312 1474 1543 1558 prostratus,

469 1577 627 1648 votivam
643 1579 697 1647 sui
717 1599 939 1673 suorumque
955 1575 1101 1647 interra
1117 1598 1179 1647 sua
1196 1576 1477 1674 susceptionem,
1499 1586 1543 1643 et

467 1691 680 1765 obedientiae
704 1690 820 1762 filialis
842 1691 1020 1789 promittit
1041 1689 1316 1789 plenitudinem.
1340 1687 1542 1762 visitando

467 1807 590 1905 itaque
617 1806 838 1902 gallicanam,
864 1807 956 1878 sicut
974 1830 1030 1877 res
1047 1804 1227 1899 exigebat,
1251 1804 1458 1894 Ecclesiam,
1482 1803 1541 1875 ad

467 1938 586 2022 partes
598 1948 637 1995 se
652 1922 818 1995 transfert
831 1922 1144 2017 Lotharingorum.
1158 1921 1223 1992 Cui
1234 1945 1319 1993 cum
1333 1922 1542 2018 imperator

469 2040 669 2111 lotharius¹
684 2039 824 2111 civitate
851 2037 988 2127 Leodii,
1018 2062 1102 2109 cum
1127 2061 1258 2133 magno
1288 2037 1538 2135 archiepisco-

468 2179 601 2253 porum
609 2170 644 2227 et
657 2157 909 2253 episcoporum
926 2170 963 2226 et
981 2153 1179 2225 theutonici
1193 2154 1293 2249 regni
1310 2154 1535 2250 optimatum

469 2269 634 2365 collegio,
662 2268 892 2343 celeberrime
915 2270 1148 2361 occurrisset,
1170 2270 1206 2340 in
1225 2268 1341 2366 platea
1356 2283 1440 2340 ante
1456 2268 1537 2367 epi-

469 2387 648 2485 scopalem
664 2385 848 2459 ecclesiam
857 2385 1060 2458 humillime
1073 2386 1230 2485 seipsum
1244 2399 1433 2457 stratorem
1444 2383 1536 2457 olie-

470 2526 566 2593 rens,
592 2501 701 2599 pedes
724 2526 789 2599 per
807 2502 968 2575 medium
986 2516 1115 2573 sanctae
1130 2502 1367 2599 processionis
1381 2500 1426 2573 ad
1444 2526 1534 2574 eum

470 2616 623 2706 festinat,
642 2616 709 2687 alia
730 2642 840 2689 manu
856 2618 993 2711 virgam
1013 2617 1060 2690 ad
1080 2614 1359 2705 defendendum,
1381 2617 1447 2688 alia
1464 2618 1534 2689 fis

471 2755 559 2803 num
577 2730 650 2804 albi
667 2732 750 2829 equi
762 2733 952 2829 accipiens,
976 2746 1148 2829 tanquam
1167 2732 1358 2805 dominum
1372 2732 1531 2805 deduce·

470 2846 545 2918 bat.
560 2848 808 2920 Descendente
821 2872 904 2921 vero
915 2863 991 2921 tota
1004 2850 1170 2937 statione,
1182 2874 1265 2921 eum
1276 2847 1530 2947 suppodiando

470 2961 673 3060 deportans,
685 2962 932 3036 celsitudinem
948 2965 1169 3063 paternitatis
1179 2964 1254 3061 ejus
1271 2964 1366 3036 notis
1383 2979 1418 3036 et
1430 2964 1529 3061 igno·

471 3079 516 3149 tis
538 3076 756 3151 clarificavit.

523 3196 612 3264 Pace
628 3194 748 3291 itaque
761 3194 900 3292 imperii
912 3210 947 3267 et
960 3195 1120 3267 Ecclesiae
1128 3194 1382 3285 confoederata,
1399 3196 1530 3269 instan-

473 3320 547 3379 tem
573 3310 685 3381 sancti
711 3308 851 3382 Paschae
871 3311 969 3382 diem
993 3310 1090 3409 apud
1112 3335 1177 3383 uos
1202 3312 1238 3382 in
1263 3312 1409 3383 ecclesia
1434 3312 1528 3386 beati

475 3424 636 3520 Dionysii
652 3440 824 3524 tanquam
844 3426 989 3525 speciali
1005 3425 1075 3497 filia
1087 3427 1229 3499 affectat
1245 3426 1437 3500 celebrare.
1459 3432 1531 3501 Nos

475 3554 595 3611 autem
608 3539 658 3613 ob
671 3541 838 3614 umorem
852 3543 917 3613 Dei
928 3558 965 3614 et
975 3542 1148 3628 Ecclesiae,
1160 3542 1283 3614 matris
1297 3557 1333 3614 et
1349 3541 1439 3633 filiae,
1455 3568 1531 3638 gra·

474 3654 833 3752 tanterpridieCoenae
847 3657 992 3729 Domini
1004 3658 1245 3755 suscipientes,
1259 3657 1530 3730 celeberrimam

474 3772 552 3841 Deo
561 3786 598 3842 et
609 3769 1042 3871 hominibusproferentes
1050 3774 1326 3871 processionem,
1334 3775 1529 3847 adventum

474 3888 551 3983 ejus
579 3885 661 3958 odis
683 3886 908 3961 exultationis
928 3887 1158 3961 collaetantes'
1184 3890 1373 3989 amplexati
1394 3914 1529 3963 sumus.

475 4008 584 4076 Coena
607 4031 691 4101 ergo
711 4007 856 4079 Domini
871 4006 969 4104 apud
986 4031 1054 4078 nus
1073 4030 1175 4080 more
1204 4032 1354 4081 romano
1378 4024 1414 4080 et
1433 4031 1529 4078 sum·

491 4272 544 4418 dl.
565 4269 609 4326 lta
626 4266 695 4331 edd.
714 4267 817 4331 Chesn.
839 4281 868 4329 et
893 4268 1039 4329 Benediet.
1058 4302 1099 4315 -·
1116 4270 1255 4330 Laberius
1274 4267 1359 4329 codd.
1378 4286 1478 4328 omncs
1495 4288 1529 4328 ac

473 4379 490 4419 e
511 4356 541 4421 it.
556 4361 656 4421 Germ.

514 4458 543 4513 2.
560 4453 607 4513 Sic
621 4458 718 4514 tatto
733 4476 767 4514 ac
780 4458 869 4516 6265.
886 4490 925 4502 -
941 4460 1126 4517 Collectantes
1139 4457 1187 4517 alii
1201 4456 1286 4518 codd.
1303 4470 1333 4519 et
1348 4458 1415 4518 edd.
