3742 5667
494 763 552 821 tao
711 761 874 821 muvnrs
893 744 1107 818 concitans
1127 760 1177 817 nn
1196 758 1330 823 sunan.

492 893 713 987 exhibentes,
731 893 832 965 nullo
848 894 963 966 inanis
977 892 1098 989 gloriae
1117 893 1290 992 appetitu,
1312 892 1450 966 nullam
1470 892 1568 966 lau·

491 1010 548 1083 dis
569 1009 734 1084 humanae
760 1024 823 1083 aut
848 1007 1096 1082 retributionis
1132 1010 1342 1082 transitoriae
1374 1006 1569 1107 exigendo

490 1125 789 1215 retributionem
823 1150 869 1197 ne
902 1139 984 1223 post
1014 1122 1226 1196 decessum¹
1259 1140 1424 1197 nostrum
1459 1148 1567 1224 qua-

491 1266 645 1340 cumque
673 1257 735 1314 aut
764 1240 1020 1338 cujuscumque
1046 1240 1321 1314 defraudatione
1348 1240 1567 1314 redditibus

477 1342 638 1431 'ecclesia
646 1358 844 1448 minuatur,
859 1380 906 1428 ne
922 1356 1080 1455 copiosa,
1095 1382 1174 1455 quae
1187 1372 1351 1458 tempore
1363 1357 1565 1429 amminis-

491 1474 651 1546 trationis
663 1486 792 1544 nostrae
808 1472 905 1569 larga
920 1474 987 1544 Dei
1004 1472 1245 1545 munificentia
1263 1474 1427 1567 contulit,
1446 1473 1565 1547 silen-

490 1591 542 1663 tio
561 1589 663 1664 malis
689 1590 956 1663 successoribus
979 1587 1174 1687 depereant
1192 1588 1430 1681 incrementa3
1455 1590 1558 1663 sicut

490 1730 511 1777 a
537 1728 690 1804 corpore
709 1705 864 1778 ecclesiae
880 1703 1172 1778 beatissimorum
1189 1719 1387 1801 martyrum
1409 1705 1557 1803 Diony·

492 1821 547 1911 sii,
569 1821 702 1893 Rustici
724 1835 760 1893 et
779 1818 992 1909 Eleutherii,
1011 1844 1090 1918 quae
1105 1844 1172 1892 nos
1188 1845 1298 1919 qnam
1314 1818 1518 1893 dulcissime
1530 1844 1555 1893 a

491 1935 648 2009 mamilla
663 1939 675 1973 ¹
692 1961 805 2033 usque
836 1939 874 2008 in
898 1950 1079 2009 senectam
1108 1935 1210 2028 fovit,
1243 1936 1290 2009 de
1316 1936 1557 2010 aedificiorum

491 2053 715 2125 institutione
737 2067 773 2124 et
799 2053 1052 2126 thesaurorum
1072 2055 1361 2150 augmentatione
1381 2052 1461 2126 loco
1485 2078 1558 2126 suo

492 2169 649 2267 incipere
675 2168 821 2265 dignum
846 2167 1025 2262 duximus,
1058 2170 1107 2241 ita
1130 2169 1237 2241 etiam
1257 2194 1277 2241 a
1302 2169 1446 2243 castello
1467 2195 1552 2260 suo,

491 2281 657 2357 videlicet
671 2286 786 2383 prima
801 2286 876 2382 ejus
890 2284 988 2377 sede,
1006 2299 1043 2357 et
1059 2286 1096 2357 in
1112 2285 1241 2357 vicinia
1257 2286 1552 2384 circumquaque,

492 2399 539 2472 de
558 2399 766 2473 reddituum
785 2404 1073 2498 augmentatione
1093 2414 1167 2473 tam
1189 2401 1414 2499 placentium
1441 2426 1554 2499 quam

493 2513 699 2588 futurorum
716 2517 849 2589 notitiae
871 2514 1067 2613 significare
1090 2516 1281 2589 honestum
1304 2530 1339 2587 et
1360 2515 1447 2588 utile
1466 2540 1553 2615 pro-

492 2632 690 2729 posuimus.

540 2752 623 2820 Erat
640 2749 759 2845 itaque
775 2747 1010 2820 ministerium
1027 2746 1115 2821 illud
1136 2747 1295 2845 ejusdem
1312 2749 1431 2841 castri,
1450 2747 1553 2846 quod

494 2864 601 2960 vulgo
636 2863 769 2936 dicitur
801 2862 1029 2953 theloneum,
1071 2880 1107 2937 ct
1143 2863 1354 2958 cambiatio,
1386 2878 1554 2937 constans

492 2979 669 3076 sexaginta
687 2966 886 3052 solidorum
902 3004 1117 3078 unaquaque
1134 2978 1377 3053 hebdomada.
1397 2979 1468 3052 Sed
1483 2984 1551 3051 Ur·

490 3094 597 3168 sellus
609 3095 751 3168 Judaeus
769 3096 816 3169 de
829 3100 948 3168 Monte
964 3097 1209 3169 Maurenciaco
1229 3097 1265 3169 in
1281 3095 1489 3169 vadimonio
1505 3096 1553 3169 de

489 3210 546 3284 his
568 3210 694 3283 docem
711 3210 880 3301 habebat,
899 3236 984 3284 cum
1002 3211 1082 3283 villa
1107 3210 1166 3283 illa
1185 3237 1264 3309 quae
1289 3211 1423 3285 dicitur
1450 3209 1552 3283 Moli·

491 3330 628 3423 gnum⁸,
655 3352 724 3427 pro
749 3342 903 3426 quatuor
933 3328 1056 3424 viginti
1085 3329 1213 3400 marcis
1242 3329 1397 3425 argenti,
1427 3342 1463 3400 et
1484 3328 1552 3399 alia

491 3466 631 3539 magna,
663 3445 753 3516 sicut
780 3443 935 3533 dicebat,
968 3444 1197 3516 denariorum
1216 3446 1379 3544 pecunia.
1398 3447 1471 3516 Nos
1492 3466 1553 3515 au-

491 3573 623 3631 temet
652 3559 773 3632 villam
798 3561 922 3656 viginti
949 3558 1059 3631 libras
1086 3574 1148 3632 aut
1177 3560 1258 3659 plus
1280 3560 1482 3649 valentem,
1517 3572 1553 3631 et

491 3674 589 3774 ipsos
603 3673 727 3747 decem
746 3674 880 3749 solidos
896 3700 1025 3773 magno
1040 3674 1375 3775 sumptu,videlicet
1397 3675 1466 3747 tria
1483 3675 1549 3746 nii-

490 3791 537 3865 lia
546 3792 744 3867 solidorum
752 3793 937 3869 reddendo
948 3794 1098 3868 Mathaeo
1108 3792 1153 3866 de
1164 3792 1547 3879 MonteMaurentiaco,

529 4034 560 4090 i.
577 4034 721 4089 Domum
735 4031 802 4095 cod.
818 4050 873 4091 ms,

529 4126 560 4185 Ξ.
574 4122 652 4183 Hinc
667 4136 746 4203 patet
765 4127 886 4205 epuero
906 4124 1057 4203 Sugerium
1071 4129 1132 4185 Deo
1145 4124 1176 4183 in
1189 4123 1362 4185 monasterio
1376 4126 1405 4185 S.
1422 4123 1553 4203 Dionysii

492 4217 693 4297 tparentibus
707 4218 836 4278 oblatum
856 4219 953 4279 fnisse.
972 4220 1058 4279 Haud
1078 4232 1174 4279 tamen
1192 4218 1310 4278 omnino
1328 4218 1478 4291 infantem,
1500 4220 1551 4278 sed

489 4311 552 4393 jam
566 4312 723 4372 decennem
736 4326 796 4371 tum
810 4312 897 4373 tuisse
910 4312 1028 4373 inferius
1048 4311 1208 4372 videbimus
1227 4310 1411 4393 (teredine).
1430 4312 1475 4374 Cs.
1491 4326 1551 4371 tes-

493 4416 650 4465 tamentum
664 4404 737 4485 ejus,
755 4405 830 4464 infra
842 4405 963 4466 editum.

530 4502 562 4558 3.
582 4499 671 4558 Forte
684 4502 873 4575 Montlignon,
889 4502 980 4579 prope
992 4503 1119 4561 Mortem
1135 4499 1370 4561 Maurentiacum.
