3742 5667
511 797 548 856 aa
729 791 894 854 mutnus
916 781 1130 856 comanus
1149 801 1200 855 ns
1221 798 1356 857 suem.
1396 835 1401 842 .

510 930 686 1028 Equidem
699 928 936 1002 deliberatum
950 944 1003 1002 est
1017 933 1149 1021 Romae,
1164 945 1314 1029 propter
1328 934 1575 1004 Romanorum

510 1044 766 1119 conductitiam
785 1043 993 1143 perfidiam,
1015 1045 1061 1117 de
1083 1045 1255 1143 praelatis,
1280 1047 1357 1118 imo
1386 1045 1432 1118 de
1454 1046 1576 1118 omni·

510 1161 579 1235 bus
592 1160 859 1259 quaestionibus,
884 1163 994 1234 tutius
1007 1164 1021 1246 ¹,
1030 1162 1122 1258 regis
1135 1176 1172 1234 et
1186 1162 1279 1258 regis
1290 1160 1354 1234 filii
1368 1178 1405 1234 et
1415 1163 1576 1237 ecclesiae

511 1278 699 1352 Gallicanae
724 1278 761 1348 in
782 1278 931 1350 Francia
944 1303 1053 1376 quam
1069 1278 1105 1349 in
1120 1276 1211 1350 urbe
1227 1277 1424 1376 d'uceptare
1441 1278 1575 1350 sull‘ra·

512 1397 569 1494 gio
588 1398 611 1469 ¹.
630 1397 734 1468 Venit
749 1395 869 1492 itaque
883 1394 1107 1486 Cluuiarum,
1131 1419 1152 1465 a
1167 1393 1340 1467 Cluniaco
1352 1394 1398 1467 ad
1411 1394 1577 1468 Charita-

514 1529 588 1586 tem
597 1514 621 1603 ¹,
639 1511 703 1584 ubi
730 1511 965 1584 celeberrimo
987 1511 1340 1611 archiepiscoporum
1367 1525 1404 1584 et
1430 1512 1575 1611 episco-

514 1653 647 1728 porum
676 1642 712 1699 et
734 1627 923 1699 monastici
944 1627 1081 1699 ordinis
1104 1643 1283 1700 conventu
1316 1626 1435 1700 eidem
1460 1626 1577 1700 nobili

514 1747 732 1820 monasterio
743 1743 1135 1820 sacram‘dedicationis
1146 1744 1328 1844 imposuit.
1339 1743 1579 1818 dilueruntet

512 1861 705 1934 nobiliores
728 1862 827 1958 regni
845 1885 1022 1961 proceres,
1039 1861 1133 1933 inter
1150 1886 1243 1958 quos
1261 1876 1298 1932 et
1323 1860 1460 1959 dapifer
1483 1860 1578 1956 regis

514 1979 679 2071 Franciae,
701 1978 834 2050 nobilis
847 2002 967 2050 comes
982 1977 1028 2049 de
1049 1981 1148 2075 Rupe
1168 1976 1278 2066 Furti,
1301 1976 1452 2049 domino
1473 2001 1578 2075 papae

513 2095 641 2167 missus
647 2095 863 2184 occurrit,ut
871 2093 904 2166 ei
913 2108 1083 2190 tanquam
1092 2093 1186 2192 patri
1200 2092 1374 2191 spirituali
1381 2117 1447 2192 per
1456 2107 1578 2164 totum

514 2237 665 2308 regnum
694 2211 769 2308 ejus
799 2209 1028 2308 beneplacito
1056 2208 1265 2281 deserviret.
1299 2211 1366 2280 Cui
1389 2233 1579 2281 cousecra-

516 2327 604 2399 tioni
620 2341 655 2399 et
670 2351 736 2399 uos
752 2327 819 2426 ipsi
836 2326 1077 2418 interluimus,
1095 2341 1133 2397 et
1155 2341 1281 2398 contra
1299 2324 1488 2396 dominum
1505 2325 1581 2423 epi·

514 2467 664 2542 scopum
676 2443 907 2514 Parisiensem
920 2439 1126 2533 Galonem⁸,
1139 2441 1262 2514 multis
1275 2441 1509 2540 querimoniis
1522 2466 1581 2513 ec·

514 2557 658 2632 elesiam
673 2558 770 2632 beati
784 2559 947 2654 Dionysii
956 2559 1159 2654 agitantem,
1178 2559 1216 2630 in
1231 2573 1425 2656 conspectu
1439 2557 1580 2630 domiui

514 2699 614 2774 papae
627 2675 777 2748 viriliter
792 2676 934 2765 stando,
953 2689 1073 2773 aperta
1088 2676 1227 2747 ratione
1251 2690 1286 2746 et
1302 2674 1476 2747 canonico
1483 2674 1581 2772 judi·

514 2790 571 2862 cio
586 2790 829 2863 satisfecimus.
853 2796 1017 2888 Cumque
1029 2791 1180 2863 Turonis
1193 2788 1290 2889 apud
1304 2805 1467 2862 sanctum
1484 2793 1581 2861 Mar·

515 2906 644 2998 tinum,
661 2921 703 2980 ut
726 2933 805 2979 mos
827 2922 880 2980 est
900 2931 1071 2978 romanus
1080 2910 1105 2994 ⁸,
1128 2905 1271 3002 frigium
1294 2905 1423 2994 serens,
1443 2911 1581 2977 Loetare

484 3101 488 3112 ,
513 3023 741 3096 Hierusalem
752 3013 977 3113 celebrasset,
994 3021 1041 3093 ad
1055 3021 1293 3094 venerabilem
1306 3020 1402 3094 beati
1415 3020 1582 3119 Dionysii

513 3136 648 3226 locum,
659 3154 832 3238 tanquam
844 3138 889 3210 ad
903 3140 1086 3237 propriam
1099 3138 1196 3211 beati
1207 3139 1303 3210 Petri
1316 3138 1453 3229 sedem,
1467 3137 1583 3210 bene-

513 3252 837 3328 volusetdevotus
853 3253 1010 3326 devenit.
1029 3255 1100 3342 Qui
1121 3253 1274 3351 gloriose
1292 3268 1328 3326 et
1342 3255 1424 3325 satis
1436 3255 1583 3353 episco-

514 3369 644 3468 paliter
666 3385 842 3468 receptus,
869 3369 942 3441 boc
966 3394 1082 3441 unum
1106 3369 1340 3442 memorabile
1355 3385 1392 3442 et
1407 3371 1583 3443 Romanis

514 3484 699 3558 insolitum
715 3501 749 3558 et
762 3487 913 3584 posteris
926 3485 1075 3583 reliquit
1086 3487 1302 3585 exemplum,
1320 3486 1419 3585 quod
1436 3512 1503 3559 nec
1520 3513 1587 3558 au·

513 3625 608 3692 rum,
623 3626 689 3673 nec
700 3616 900 3697 argentum,
920 3625 988 3673 nec
997 3602 1178 3700 preciosas
1193 3601 1402 3674 monasterii
1410 3602 1586 3698 margari-

513 3730 578 3810 tas,
595 3717 694 3814 quod
714 3717 868 3790 multum
887 3719 1095 3809 timebatur,
1116 3744 1192 3791 non
1212 3734 1353 3791 tantum
1372 3742 1448 3790 non
1466 3717 1584 3791 attec-

554 3969 584 4026 l.
608 3970 715 4037 Tatius,
731 3966 817 4041 mald,
832 3970 904 4027 133.

554 4061 584 4122 2.
606 4063 771 4139 Naufragio
787 4065 843 4122 135
855 4073 883 4121 et
894 4061 962 4121 edd.
976 4063 1076 4121 Germ.
1092 4082 1126 4121 ac
1139 4062 1246 4123 Chesn.

556 4156 586 4214 3.
606 4155 701 4225 Nunc,
712 4155 812 4234 vulgi),
828 4159 871 4212 La
888 4157 1172 4215 Charite-sumite
1189 4152 1331 4235 (Nierre).

555 4249 585 4304 11.
606 4251 818 4306 Sacramentum
832 4250 901 4307 ¹33.

553 4347 583 4405 5.
605 4343 687 4418 Galo,
697 4341 792 4423 primd
805 4344 995 4419 Belvacensis,
1008 4346 1109 4424 postea
1122 4343 1289 4406 Parisiensis
1301 4341 1356 4405 fuit
1366 4342 1533 4426 episcopus,
1542 4343 1580 4402 ab

514 4457 563 4499 an.
579 4437 706 4501 11011111
722 4456 769 4498 au.
786 4440 875 4497 1117.
894 4440 918 4494 V
931 4436 1018 4509 iniri,
1031 4437 1062 4496 in
1074 4437 1196 4497 Observ.

555 4534 584 4594 t.
603 4535 735 4590 Romanus
747 4533 816 4602 133,
835 4529 924 4604 59111,
935 4541 966 4589 et
976 4530 1047 4591 edit.
1061 4532 1159 4592 Germ.
