3742 5667
431 814 480 871 na
500 812 549 871 ta
570 798 848 872 mnsanlnon
869 815 918 872 na
940 813 1190 877 slata-unum.
1285 818 1345 875 aaa

265 968 358 1017 rum
372 944 590 1043 intersigniis
603 960 810 1020 constanter
824 948 986 1041 animati,
1003 947 1198 1048 adpraelati
1212 950 1346 1049 perseo-
1448 968 1451 973 ·

267 1061 412 1135 tionem
436 1058 578 1135 aedificii
606 1062 782 1135 instanter
809 1078 1064 1163 properantes,
1088 1065 1277 1163 quomodo
1309 1081 1346 1139 et

266 1176 409 1277 quihus
425 1180 602 1277 personis,
619 1194 655 1252 et
670 1178 770 1279 quod
786 1178 892 1253 valde
904 1180 1113 1254 solemniter
1125 1185 1203 1254 Deo
1231 1182 1346 1254 omni-

267 1297 418 1393 potenti
432 1310 703 1387 oonsecraretur
712 1296 965 1389 deliberantes,
978 1298 1094 1372 aocito
1112 1298 1254 1394 egregio
1265 1298 1344 1369 viro

269 1411 431 1506 lingone
447 1411 730 1508 Rothomagensi
743 1411 1032 1512 archiepiscopo,
1049 1427 1085 1485 et
1100 1412 1178 1486 aliis
1193 1436 1343 1485 venera-

267 1523 408 1599 bilibus
424 1528 625 1628 episoopis,
643 1527 772 1601 Odone
796 1528 1015 1621 Belvaoensi,
1036 1532 1144 1601 Petro
1163 1529 1343 1601 Silvanec-

269 1644 380 1733 tensi,
402 1643 449 1716 ad
471 1643 510 1716 id
526 1642 773 1743 peragendum
801 1644 1056 1717 multimodam
1079 1643 1238 1738 laudem,
1268 1669 1346 1717 ma·

268 1782 419 1857 guoque
427 1759 649 1833 diversarum
658 1784 894 1860 personarum
907 1760 1241 1855 ecclesiasticarum,
1255 1760 1343 1833 cleri
1433 1764 1438 1771 '

268 1889 307 1947 et
333 1878 460 1975 populi
486 1878 644 1951 maximo
675 1892 871 1969 conventu,
896 1876 1189 1951 decantabamus.
1215 1878 1288 1967 Qui
1303 1877 1342 1949 in

269 1990 396 2064 medio
420 1992 506 2065 novi
530 1993 744 2066 incrementi
764 1993 926 2092 priorem
954 1995 992 2066 in
1017 1994 1224 2066 consistenti
1241 1990 1342 2066 dolio

269 2105 528 2181 benedicentes
549 2132 694 2207 aquam,
717 2131 784 2207 per
804 2109 1005 2183 oratorium
1025 2110 1138 2183 sancti
1162 2108 1343 2183 Eustachii
1454 2132 1459 2141 ·

270 2248 357 2297 cum
373 2226 604 2323 processione
625 2240 792 2298 exeuntes
808 2250 873 2324 per
887 2225 1046 2326 plateam
1065 2251 1145 2325 quae
1161 2227 1338 2317 Panteria,

270 2339 431 2439 eoquod
447 2342 537 2415 inibi
556 2343 679 2415 omnia
701 2342 876 2441 emptioni
893 2359 929 2417 et
942 2342 1142 2416 venditioni
1160 2356 1338 2431 teruntur,

270 2457 470 2555 antiquitus
498 2458 685 2551 vocitatur,
713 2482 778 2558 per
797 2458 919 2552 aliam,
940 2484 1020 2557 quae
1049 2459 1086 2531 in
1112 2483 1214 2531 sacro
1232 2458 1340 2531 cime-

269 2574 363 2645 terio
387 2574 562 2673 aperitur,
587 2598 716 2647 aeream
729 2590 875 2674 portam
885 2590 1117 2669 revertentes,
1142 2576 1180 2647 in
1199 2589 1340 2649 aeternae

268 2688 534 2764 benedictionis
558 2706 592 2764 et
622 2691 835 2765 sanctissimi
864 2692 1067 2765 chrismatis
1099 2690 1335 2784 delibutione,

268 2808 347 2879 veri
382 2808 544 2906 corporis
574 2822 610 2879 et
645 2808 825 2903 sanguinis
858 2808 991 2880 summi
1021 2806 1200 2906 pontilicis
1235 2810 1338 2880 Jesu·

269 2922 404 2997 Christi
421 2923 653 3016 exhibitione,
671 2922 843 3022 quicquid
857 2938 960 2996 tanto
974 2938 1009 2994 et
1025 2938 1101 2995 tam
1113 2937 1236 2996 sancto
1252 2947 1340 2995 con·

267 3040 367 3113 venit
392 3037 544 3112 aedificio
564 3038 794 3112 devotissime
816 3039 1116 3138 compleverunt:
1138 3038 1337 3138 pulcherri-

267 3178 373 3228 mum
395 3169 432 3228 et
455 3153 613 3251 angelica
638 3155 823 3227 mansione
845 3154 996 3251 dignum
1024 3154 1187 3254 superius
1216 3167 1337 3226 orato·

267 3272 379 3364 rium,
393 3272 430 3343 in
446 3271 587 3345 honore
601 3286 730 3345 sanotae
745 3271 814 3344 Dei
829 3272 1019 3343 Genitricis
1034 3294 1177 3369 semper
1192 3269 1337 3366 virginis

266 3388 399 3480 nniae,
433 3402 470 3460 et
495 3387 607 3460 sancti
641 3385 822 3460 Michaelis
849 3386 1069 3484 archangeli,
1097 3385 1336 3483 omniumque

269 3504 504 3600 Angelorum,
529 3504 642 3577 sancti
669 3503 822 3577 Romani
847 3502 983 3575 ibidem
1006 3502 1223 3602 quiescentis
1247 3501 1336 3575 alio·

268 3642 425 3718 rumque
446 3618 648 3693 multorum
670 3634 890 3713 sanctorum,
918 3643 1078 3717 quorum
1106 3618 1158 3691 ibi
1187 3618 1334 3690 nomina

268 3732 478 3808 subtitulata
513 3734 714 3828 habentur,
731 3725 974 3826 'dedicantes3
1006 3733 1154 3806 inferius
1177 3756 1265 3806 vero
1294 3732 1332 3803 in

267 3848 394 3923 deamo
411 3851 521 3925 latere
535 3853 733 3927 oratorium
747 3851 785 3922 in
799 3850 940 3923 honore
957 3848 1070 3921 sancti
1083 3846 1334 3922 bartholomaei

265 3966 538 4066 multorumque
559 3967 714 4041 aliorum
730 3980 960 4057 sanctorum,
979 3964 1017 4038 in
1033 3964 1178 4037 sinistro
1194 3978 1330 4057 autem,

266 4081 329 4154 ubi
345 4100 490 4157 sanctus
503 4084 724 4182 requiescere
738 4080 951 4182 perhibetur
969 4079 1186 4181 Hippolitus,
1204 4095 1333 4154 orato·

265 4199 362 4271 rium
393 4200 431 4271 in
459 4200 598 4274 honore
626 4199 787 4298 ejusdem
818 4213 854 4271 et
868 4198 870 4205 ’
885 4212 1095 4271 sanctorum
1126 4198 1329 4289 Laurentii,

266 4314 365 4406 Sixti,
387 4314 606 4409 Felicissimi,
631 4314 783 4414 Agapiti,
808 4312 1032 4411 aliorumque
1053 4312 1265 4407 multorum,
1283 4311 1331 4383 ad

266 4429 410 4503 laudem
432 4448 467 4504 et
479 4430 626 4527 gloriam
639 4431 706 4503 Dei
718 4429 988 4527 omnipotentis.
1005 4432 1078 4501 Nos
1090 4444 1212 4505 autem
1223 4442 1330 4502 tantae

265 4544 529 4620 benedictionis
556 4571 626 4646 pro
652 4546 772 4620 fructu
803 4544 959 4643 impensi
992 4542 1125 4619 laboris
1144 4545 1211 4619 Dei
1230 4544 1329 4619 dono
