<?xml version="1.0" encoding="UTF-8"?>
<!DOCTYPE html PUBLIC "-//W3C//DTD XHTML 1.0 Transitional//EN"
    "http://www.w3.org/TR/xhtml1/DTD/xhtml1-transitional.dtd">
<html xmlns="http://www.w3.org/1999/xhtml" xml:lang="en" lang="en">
 <head>
  <title>
</title>
<meta http-equiv="Content-Type" content="text/html;charset=utf-8" />
  <meta name='ocr-system' content='tesseract 3.04.00' />
  <meta name='ocr-capabilities' content='ocr_page ocr_carea ocr_par ocr_line ocrx_word'/>
</head>
<body>
  <div class='ocr_page' id='page_1' title='image "./oeuvrescompltes00sugegoog_0050.png"; bbox 0 0 3742 5667; ppageno 0'>
   <div class='ocr_carea' id='block_1_1' title="bbox 511 807 1366 896">
    <p class='ocr_par' dir='ltr' id='par_1_1' title="bbox 511 807 1366 896">
     <span class='ocr_line' id='line_1_1' title="bbox 511 807 1366 896; baseline -0.006 0"><span class='ocrx_word' id='word_1_1' title='bbox 511 809 569 896; x_wconf 77' lang='lat' dir='ltr'>n&#39;</span> <span class='ocrx_word' id='word_1_2' title='bbox 736 817 898 890; x_wconf 77' lang='lat' dir='ltr'>murras</span> <span class='ocrx_word' id='word_1_3' title='bbox 921 807 1140 892; x_wconf 66' lang='lat' dir='ltr'>contritas</span> <span class='ocrx_word' id='word_1_4' title='bbox 1160 834 1211 889; x_wconf 83' lang='lat' dir='ltr'>m</span> <span class='ocrx_word' id='word_1_5' title='bbox 1231 833 1366 892; x_wconf 81' lang='lat' dir='ltr'>suana.</span> 
     </span>
    </p>
   </div>
   <div class='ocr_carea' id='block_1_2' title="bbox 510 960 1578 3036">
    <p class='ocr_par' dir='ltr' id='par_1_2' title="bbox 512 960 1575 1271">
     <span class='ocr_line' id='line_1_2' title="bbox 512 960 1573 1064; baseline -0.002 -26"><span class='ocrx_word' id='word_1_6' title='bbox 512 965 637 1038; x_wconf 79' lang='lat' dir='ltr'>metim</span> <span class='ocrx_word' id='word_1_7' title='bbox 663 963 858 1064; x_wconf 61' lang='lat' dir='ltr'>praelibare.</span> <span class='ocrx_word' id='word_1_8' title='bbox 882 961 1105 1036; x_wconf 78' lang='lat' dir='ltr'>Francorum</span> <span class='ocrx_word' id='word_1_9' title='bbox 1135 960 1245 1057; x_wconf 90' lang='lat' dir='ltr'>enim,</span> <span class='ocrx_word' id='word_1_10' title='bbox 1269 988 1345 1037; x_wconf 91' lang='lat' dir='ltr'>uon</span> <span class='ocrx_word' id='word_1_11' title='bbox 1379 963 1573 1061; x_wconf 79' lang='lat' dir='ltr'>Anglorum</span> 
     </span>
     <span class='ocr_line' id='line_1_3' title="bbox 513 1078 1575 1181; baseline -0.001 -26"><span class='ocrx_word' id='word_1_12' title='bbox 513 1096 625 1178; x_wconf 81' lang='lat' dir='ltr'>gesta,</span> <span class='ocrx_word' id='word_1_13' title='bbox 656 1081 836 1180; x_wconf 81' lang='lat' dir='ltr'>quaedam¹</span> <span class='ocrx_word' id='word_1_14' title='bbox 859 1078 994 1180; x_wconf 90' lang='lat' dir='ltr'>scripto</span> <span class='ocrx_word' id='word_1_15' title='bbox 1029 1082 1210 1153; x_wconf 78' lang='lat' dir='ltr'>memoriae</span> <span class='ocrx_word' id='word_1_16' title='bbox 1239 1079 1412 1154; x_wconf 87' lang='lat' dir='ltr'>mandare</span> <span class='ocrx_word' id='word_1_17' title='bbox 1444 1105 1575 1181; x_wconf 83' lang='lat' dir='ltr'>propo</span> 
     </span>
     <span class='ocr_line' id='line_1_4' title="bbox 514 1199 661 1271; baseline 0.014 -3"><span class='ocrx_word' id='word_1_18' title='bbox 514 1199 661 1271; x_wconf 92' lang='lat' dir='ltr'>suimus.</span> 
     </span>
    </p>

    <p class='ocr_par' dir='ltr' id='par_1_3' title="bbox 510 1309 1578 3036">
     <span class='ocr_line' id='line_1_5' title="bbox 561 1309 1571 1411; baseline -0.002 -26"><span class='ocrx_word' id='word_1_19' title='bbox 561 1317 607 1385; x_wconf 92' lang='lat' dir='ltr'>ll.</span> <span class='ocrx_word' id='word_1_20' title='bbox 637 1313 837 1386; x_wconf 90' lang='lat' dir='ltr'>Ludovicus</span> <span class='ocrx_word' id='word_1_21' title='bbox 866 1313 986 1410; x_wconf 89' lang='lat' dir='ltr'>itaque</span> <span class='ocrx_word' id='word_1_22' title='bbox 1009 1313 1167 1386; x_wconf 83' lang='lat' dir='ltr'>famosus</span> <span class='ocrx_word' id='word_1_23' title='bbox 1188 1313 1349 1411; x_wconf 86' lang='lat' dir='ltr'>juvenis,</span> <span class='ocrx_word' id='word_1_24' title='bbox 1376 1309 1571 1409; x_wconf 90' lang='lat' dir='ltr'>jocundus,</span> 
     </span>
     <span class='ocr_line' id='line_1_6' title="bbox 513 1426 1575 1527; baseline -0.003 -25"><span class='ocrx_word' id='word_1_25' title='bbox 513 1445 632 1526; x_wconf 87' lang='lat' dir='ltr'>gratus</span> <span class='ocrx_word' id='word_1_26' title='bbox 646 1445 682 1502; x_wconf 89' lang='lat' dir='ltr'>et</span> <span class='ocrx_word' id='word_1_27' title='bbox 696 1427 884 1502; x_wconf 84' lang='lat' dir='ltr'>benivolus</span> <span class='ocrx_word' id='word_1_28' title='bbox 916 1429 1125 1526; x_wconf 80' lang='lat' dir='ltr'>(quostiam</span> <span class='ocrx_word' id='word_1_29' title='bbox 1143 1455 1164 1502; x_wconf 87' lang='lat' dir='ltr'>a</span> <span class='ocrx_word' id='word_1_30' title='bbox 1180 1429 1398 1527; x_wconf 88' lang='lat' dir='ltr'>quibusdam</span> <span class='ocrx_word' id='word_1_31' title='bbox 1423 1426 1575 1527; x_wconf 83' lang='lat' dir='ltr'>simplex</span> 
     </span>
     <span class='ocr_line' id='line_1_7' title="bbox 511 1544 1574 1645; baseline -0.003 -27"><span class='ocrx_word' id='word_1_32' title='bbox 511 1544 774 1645; x_wconf 84' lang='lat' dir='ltr'>reputabatur),</span> <span class='ocrx_word' id='word_1_33' title='bbox 791 1546 867 1642; x_wconf 89' lang='lat' dir='ltr'>jam</span> <span class='ocrx_word' id='word_1_34' title='bbox 880 1544 1037 1636; x_wconf 87' lang='lat' dir='ltr'>adultus,</span> <span class='ocrx_word' id='word_1_35' title='bbox 1056 1544 1193 1618; x_wconf 81' lang='lat' dir='ltr'><strong>illuster</strong></span> <span class='ocrx_word' id='word_1_36' title='bbox 1214 1561 1251 1618; x_wconf 91' lang='lat' dir='ltr'>ct</span> <span class='ocrx_word' id='word_1_37' title='bbox 1273 1547 1457 1618; x_wconf 87' lang='lat' dir='ltr'>animosus</span> <span class='ocrx_word' id='word_1_38' title='bbox 1472 1544 1574 1640; x_wconf 86' lang='lat' dir='ltr'>regni</span> 
     </span>
     <span class='ocr_line' id='line_1_8' title="bbox 512 1659 1571 1761; baseline -0.003 -26"><span class='ocrx_word' id='word_1_39' title='bbox 512 1663 650 1760; x_wconf 89' lang='lat' dir='ltr'>paterni</span> <span class='ocrx_word' id='word_1_40' title='bbox 661 1665 672 1699; x_wconf 83' lang='lat'><strong>¹</strong></span> <span class='ocrx_word' id='word_1_41' title='bbox 685 1660 865 1752; x_wconf 88' lang='lat' dir='ltr'>defensor,</span> <span class='ocrx_word' id='word_1_42' title='bbox 881 1661 1110 1735; x_wconf 88' lang='lat' dir='ltr'>ecclesiarum</span> <span class='ocrx_word' id='word_1_43' title='bbox 1126 1659 1571 1761; x_wconf 88' lang='lat' dir='ltr'>utilitatibusprovidebat,</span> 
     </span>
     <span class='ocr_line' id='line_1_9' title="bbox 512 1776 1576 1877; baseline 0 -29"><span class='ocrx_word' id='word_1_44' title='bbox 512 1781 723 1870; x_wconf 83' lang='lat' dir='ltr'>oratorum&#39;,</span> <span class='ocrx_word' id='word_1_45' title='bbox 741 1776 989 1850; x_wconf 82' lang='lat' dir='ltr'><strong>laboratorum</strong></span> <span class='ocrx_word' id='word_1_46' title='bbox 1009 1792 1045 1851; x_wconf 89' lang='lat' dir='ltr'>et</span> <span class='ocrx_word' id='word_1_47' title='bbox 1070 1803 1286 1877; x_wconf 89' lang='lat' dir='ltr'>pauperum,</span> <span class='ocrx_word' id='word_1_48' title='bbox 1310 1778 1409 1877; x_wconf 90' lang='lat' dir='ltr'>quod</span> <span class='ocrx_word' id='word_1_49' title='bbox 1430 1777 1493 1850; x_wconf 92' lang='lat' dir='ltr'>diu</span> <span class='ocrx_word' id='word_1_50' title='bbox 1520 1777 1576 1848; x_wconf 90' lang='lat' dir='ltr'>in-</span> 
     </span>
     <span class='ocr_line' id='line_1_10' title="bbox 512 1891 1575 1992; baseline 0 -28"><span class='ocrx_word' id='word_1_51' title='bbox 512 1892 657 1965; x_wconf 87' lang='lat' dir='ltr'>solitum</span> <span class='ocrx_word' id='word_1_52' title='bbox 669 1893 798 1985; x_wconf 84' lang='lat' dir='ltr'>fuerat,</span> <span class='ocrx_word' id='word_1_53' title='bbox 815 1893 926 1990; x_wconf 88' lang='lat' dir='ltr'>quieti</span> <span class='ocrx_word' id='word_1_54' title='bbox 935 1891 1114 1966; x_wconf 89' lang='lat' dir='ltr'>studebat.</span> <span class='ocrx_word' id='word_1_55' title='bbox 1125 1898 1208 1981; x_wconf 91' lang='lat' dir='ltr'>Quo</span> <span class='ocrx_word' id='word_1_56' title='bbox 1216 1892 1396 1990; x_wconf 87' lang='lat' dir='ltr'>siquidem</span> <span class='ocrx_word' id='word_1_57' title='bbox 1406 1909 1575 1992; x_wconf 87' lang='lat' dir='ltr'>tempore</span> 
     </span>
     <span class='ocr_line' id='line_1_11' title="bbox 511 2009 1575 2108; baseline 0 -27"><span class='ocrx_word' id='word_1_58' title='bbox 511 2010 605 2082; x_wconf 90' lang='lat' dir='ltr'>inter</span> <span class='ocrx_word' id='word_1_59' title='bbox 625 2009 866 2084; x_wconf 86' lang='lat' dir='ltr'>venerabilem</span> <span class='ocrx_word' id='word_1_60' title='bbox 889 2009 985 2082; x_wconf 85' lang='lat' dir='ltr'>beati</span> <span class='ocrx_word' id='word_1_61' title='bbox 1008 2010 1170 2108; x_wconf 87' lang='lat' dir='ltr'>Dionysii</span> <span class='ocrx_word' id='word_1_62' title='bbox 1194 2010 1307 2084; x_wconf 78' lang='lat' dir='ltr'>Adam</span> <span class='ocrx_word' id='word_1_63' title='bbox 1327 2009 1513 2083; x_wconf 77' lang='lat' dir='ltr'>abbatem⁸</span> <span class='ocrx_word' id='word_1_64' title='bbox 1536 2025 1575 2081; x_wconf 91' lang='lat' dir='ltr'>et</span> 
     </span>
     <span class='ocr_line' id='line_1_12' title="bbox 514 2124 1576 2218; baseline 0 -22"><span class='ocrx_word' id='word_1_65' title='bbox 514 2125 784 2218; x_wconf 82' lang='lat' dir='ltr'>Barchardum⁸,</span> <span class='ocrx_word' id='word_1_66' title='bbox 803 2124 963 2198; x_wconf 89' lang='lat' dir='ltr'>nobilem</span> <span class='ocrx_word' id='word_1_67' title='bbox 985 2126 1117 2216; x_wconf 87' lang='lat' dir='ltr'>virum,</span> <span class='ocrx_word' id='word_1_68' title='bbox 1137 2127 1328 2199; x_wconf 91' lang='lat' dir='ltr'>dominum</span> <span class='ocrx_word' id='word_1_69' title='bbox 1344 2131 1576 2198; x_wconf 88' lang='lat' dir='ltr'>Monmoren·</span> 
     </span>
     <span class='ocr_line' id='line_1_13' title="bbox 512 2240 1574 2341; baseline 0.002 -29"><span class='ocrx_word' id='word_1_70' title='bbox 512 2241 709 2313; x_wconf 70' lang='lat' dir='ltr'>circensem</span> <span class='ocrx_word' id='word_1_71' title='bbox 738 2240 867 2313; x_wconf 87' lang='lat' dir='ltr'>accidit</span> <span class='ocrx_word' id='word_1_72' title='bbox 886 2240 1058 2338; x_wconf 87' lang='lat' dir='ltr'>quasdam</span> <span class='ocrx_word' id='word_1_73' title='bbox 1075 2243 1323 2314; x_wconf 87' lang='lat' dir='ltr'>contentiones</span> <span class='ocrx_word' id='word_1_74' title='bbox 1335 2267 1403 2341; x_wconf 91' lang='lat' dir='ltr'>pro</span> <span class='ocrx_word' id='word_1_75' title='bbox 1421 2241 1574 2340; x_wconf 89' lang='lat' dir='ltr'>quibus-</span> 
     </span>
     <span class='ocr_line' id='line_1_14' title="bbox 512 2354 1576 2454; baseline -0.002 -25"><span class='ocrx_word' id='word_1_76' title='bbox 512 2356 596 2429; x_wconf 87' lang='lat' dir='ltr'>dam</span> <span class='ocrx_word' id='word_1_77' title='bbox 609 2354 928 2430; x_wconf 90' lang='lat' dir='ltr'>consuctudinibus</span> <span class='ocrx_word' id='word_1_78' title='bbox 944 2357 1140 2446; x_wconf 82' lang='lat' dir='ltr'>emersisse,</span> <span class='ocrx_word' id='word_1_79' title='bbox 1156 2381 1236 2454; x_wconf 85' lang='lat' dir='ltr'>quae</span> <span class='ocrx_word' id='word_1_80' title='bbox 1258 2358 1296 2429; x_wconf 96' lang='lat' dir='ltr'>in</span> <span class='ocrx_word' id='word_1_81' title='bbox 1312 2373 1451 2430; x_wconf 82' lang='lat' dir='ltr'>tantam</span> <span class='ocrx_word' id='word_1_82' title='bbox 1473 2355 1576 2430; x_wconf 94' lang='lat' dir='ltr'>ebul-</span> 
     </span>
     <span class='ocr_line' id='line_1_15' title="bbox 510 2471 1577 2571; baseline 0 -28"><span class='ocrx_word' id='word_1_83' title='bbox 510 2471 641 2545; x_wconf 89' lang='lat' dir='ltr'>lierunt</span> <span class='ocrx_word' id='word_1_84' title='bbox 656 2473 864 2546; x_wconf 79' lang='lat' dir='ltr'>irritationis</span> <span class='ocrx_word' id='word_1_85' title='bbox 878 2471 1091 2566; x_wconf 86' lang='lat' dir='ltr'>molestiam,</span> <span class='ocrx_word' id='word_1_86' title='bbox 1110 2486 1163 2559; x_wconf 88' lang='lat' dir='ltr'>ut,</span> <span class='ocrx_word' id='word_1_87' title='bbox 1176 2487 1286 2571; x_wconf 86' lang='lat' dir='ltr'>rupto</span> <span class='ocrx_word' id='word_1_88' title='bbox 1300 2473 1463 2546; x_wconf 91' lang='lat' dir='ltr'>hominio</span> <span class='ocrx_word' id='word_1_89' title='bbox 1479 2473 1577 2544; x_wconf 88' lang='lat' dir='ltr'>inter</span> 
     </span>
     <span class='ocr_line' id='line_1_16' title="bbox 510 2587 1573 2681; baseline 0 -21"><span class='ocrx_word' id='word_1_90' title='bbox 510 2587 759 2681; x_wconf 88' lang='lat' dir='ltr'>deloederatos,</span> <span class='ocrx_word' id='word_1_91' title='bbox 790 2589 911 2681; x_wconf 90' lang='lat' dir='ltr'>armis,</span> <span class='ocrx_word' id='word_1_92' title='bbox 944 2588 1057 2680; x_wconf 88' lang='lat' dir='ltr'>bello,</span> <span class='ocrx_word' id='word_1_93' title='bbox 1091 2588 1263 2661; x_wconf 90' lang='lat' dir='ltr'>incendiis</span> <span class='ocrx_word' id='word_1_94' title='bbox 1287 2603 1573 2663; x_wconf 75' lang='lat' dir='ltr'>concertaretur.</span> 
     </span>
     <span class='ocr_line' id='line_1_17' title="bbox 510 2702 1577 2795; baseline -0.003 -18"><span class='ocrx_word' id='word_1_95' title='bbox 510 2703 618 2792; x_wconf 89' lang='lat' dir='ltr'>Quod</span> <span class='ocrx_word' id='word_1_96' title='bbox 634 2729 718 2778; x_wconf 92' lang='lat' dir='ltr'>cum</span> <span class='ocrx_word' id='word_1_97' title='bbox 735 2703 881 2777; x_wconf 82' lang='lat' dir='ltr'>auribus</span> <span class='ocrx_word' id='word_1_98' title='bbox 903 2702 1043 2775; x_wconf 91' lang='lat' dir='ltr'>domini</span> <span class='ocrx_word' id='word_1_99' title='bbox 1070 2703 1241 2777; x_wconf 89' lang='lat' dir='ltr'>Ludovici</span> <span class='ocrx_word' id='word_1_100' title='bbox 1270 2705 1498 2795; x_wconf 85' lang='lat' dir='ltr'>insonuisset,</span> <span class='ocrx_word' id='word_1_101' title='bbox 1520 2703 1577 2774; x_wconf 93' lang='lat' dir='ltr'>in·</span> 
     </span>
     <span class='ocr_line' id='line_1_18' title="bbox 510 2820 1576 2919; baseline -0.001 -27"><span class='ocrx_word' id='word_1_102' title='bbox 510 2821 675 2916; x_wconf 84' lang='lat' dir='ltr'>dignatus</span> <span class='ocrx_word' id='word_1_103' title='bbox 689 2845 779 2918; x_wconf 86' lang='lat' dir='ltr'>aegre</span> <span class='ocrx_word' id='word_1_104' title='bbox 795 2820 889 2894; x_wconf 87' lang='lat' dir='ltr'>tulit.</span> <span class='ocrx_word' id='word_1_105' title='bbox 922 2823 993 2892; x_wconf 89' lang='lat' dir='ltr'>Nec</span> <span class='ocrx_word' id='word_1_106' title='bbox 1021 2844 1136 2912; x_wconf 83' lang='lat' dir='ltr'>mora,</span> <span class='ocrx_word' id='word_1_107' title='bbox 1156 2823 1244 2919; x_wconf 87' lang='lat' dir='ltr'>quin</span> <span class='ocrx_word' id='word_1_108' title='bbox 1273 2821 1460 2919; x_wconf 85' lang='lat' dir='ltr'>praelatum</span> <span class='ocrx_word' id='word_1_109' title='bbox 1488 2824 1576 2891; x_wconf 86' lang='lat' dir='ltr'>Bur-</span> 
     </span>
     <span class='ocr_line' id='line_1_19' title="bbox 511 2934 1578 3036; baseline 0 -28"><span class='ocrx_word' id='word_1_110' title='bbox 511 2936 687 3010; x_wconf 86' lang='lat' dir='ltr'>chardum</span> <span class='ocrx_word' id='word_1_111' title='bbox 705 2953 787 3008; x_wconf 88' lang='lat' dir='ltr'>ante</span> <span class='ocrx_word' id='word_1_112' title='bbox 803 2952 946 3036; x_wconf 84' lang='lat' dir='ltr'>putrem</span> <span class='ocrx_word' id='word_1_113' title='bbox 957 2951 1075 3008; x_wconf 90' lang='lat' dir='ltr'>castro</span> <span class='ocrx_word' id='word_1_114' title='bbox 1089 2937 1277 3010; x_wconf 84' lang='lat' dir='ltr'>Pinciaoo&#39;</span> <span class='ocrx_word' id='word_1_115' title='bbox 1290 2937 1337 3010; x_wconf 90' lang='lat' dir='ltr'>ad</span> <span class='ocrx_word' id='word_1_116' title='bbox 1350 2961 1474 3010; x_wconf 89' lang='lat' dir='ltr'>causas</span> <span class='ocrx_word' id='word_1_117' title='bbox 1490 2934 1578 3008; x_wconf 85' lang='lat' dir='ltr'>sub-</span> 
     </span>
    </p>
   </div>
   <div class='ocr_carea' id='block_1_3' title="bbox 509 3051 1576 3152">
    <p class='ocr_par' dir='ltr' id='par_1_4' title="bbox 509 3051 1576 3152">
     <span class='ocr_line' id='line_1_20' title="bbox 509 3051 1576 3152; baseline 0.002 -29"><span class='ocrx_word' id='word_1_118' title='bbox 509 3053 690 3146; x_wconf 85' lang='lat' dir='ltr'>monitum</span> <span class='ocrx_word' id='word_1_119' title='bbox 710 3054 878 3149; x_wconf 84' lang='lat' dir='ltr'>coegerit.</span> <span class='ocrx_word' id='word_1_120' title='bbox 899 3052 970 3140; x_wconf 92' lang='lat' dir='ltr'>Qui</span> <span class='ocrx_word' id='word_1_121' title='bbox 990 3078 1074 3124; x_wconf 93' lang='lat' dir='ltr'>cum</span> <span class='ocrx_word' id='word_1_122' title='bbox 1091 3051 1255 3127; x_wconf 89' lang='lat' dir='ltr'>cadensa</span> <span class='ocrx_word' id='word_1_123' title='bbox 1273 3079 1378 3128; x_wconf 87' lang='lat' dir='ltr'>causa</span> <span class='ocrx_word' id='word_1_124' title='bbox 1396 3054 1576 3152; x_wconf 83' lang='lat' dir='ltr'>justitiam</span> 
     </span>
    </p>
   </div>
   <div class='ocr_carea' id='block_1_4' title="bbox 505 3286 1577 4673">
    <p class='ocr_par' dir='ltr' id='par_1_5' title="bbox 549 3286 1543 3365">
     <span class='ocr_line' id='line_1_21' title="bbox 549 3286 1543 3365; baseline 0 -19"><span class='ocrx_word' id='word_1_125' title='bbox 549 3291 579 3346; x_wconf 87' lang='lat' dir='ltr'>l.</span> <span class='ocrx_word' id='word_1_126' title='bbox 603 3288 735 3364; x_wconf 85' lang='lat' dir='ltr'>Quodam</span> <span class='ocrx_word' id='word_1_127' title='bbox 748 3286 816 3348; x_wconf 84' lang='lat' dir='ltr'>edd.</span> <span class='ocrx_word' id='word_1_128' title='bbox 832 3286 939 3348; x_wconf 86' lang='lat' dir='ltr'>Chesn.</span> <span class='ocrx_word' id='word_1_129' title='bbox 951 3297 982 3345; x_wconf 87' lang='lat' dir='ltr'>et</span> <span class='ocrx_word' id='word_1_130' title='bbox 994 3286 1094 3346; x_wconf 87' lang='lat' dir='ltr'>Germ.</span> <span class='ocrx_word' id='word_1_131' title='bbox 1110 3319 1149 3332; x_wconf 91' lang='lat'>—</span> <span class='ocrx_word' id='word_1_132' title='bbox 1165 3291 1196 3347; x_wconf 71' lang='lat'>2.</span> <span class='ocrx_word' id='word_1_133' title='bbox 1217 3289 1310 3365; x_wconf 77' lang='lat' dir='ltr'>Regni</span> <span class='ocrx_word' id='word_1_134' title='bbox 1320 3293 1417 3364; x_wconf 81' lang='lat' dir='ltr'>patris</span> <span class='ocrx_word' id='word_1_135' title='bbox 1430 3289 1543 3347; x_wconf 72' lang='lat' dir='ltr'>trito.</span> 
     </span>
    </p>

    <p class='ocr_par' dir='ltr' id='par_1_6' title="bbox 507 3377 1577 4187">
     <span class='ocr_line' id='line_1_22' title="bbox 549 3377 1576 3460; baseline -0.002 -22"><span class='ocrx_word' id='word_1_136' title='bbox 549 3382 580 3439; x_wconf 89' lang='grc'>3.</span> <span class='ocrx_word' id='word_1_137' title='bbox 615 3381 783 3453; x_wconf 82' lang='lat' dir='ltr'>Oratoram,</span> <span class='ocrx_word' id='word_1_138' title='bbox 814 3377 845 3439; x_wconf 89' lang='lat' dir='ltr'>id</span> <span class='ocrx_word' id='word_1_139' title='bbox 883 3389 927 3439; x_wconf 84' lang='lat' dir='ltr'>est</span> <span class='ocrx_word' id='word_1_140' title='bbox 949 3378 1120 3440; x_wconf 86' lang='lat' dir='ltr'>clericomm</span> <span class='ocrx_word' id='word_1_141' title='bbox 1151 3381 1415 3460; x_wconf 86' lang='lat' dir='ltr'>monachorumque</span> <span class='ocrx_word' id='word_1_142' title='bbox 1446 3379 1576 3440; x_wconf 86' lang='lat' dir='ltr'>orationi</span> 
     </span>
     <span class='ocr_line' id='line_1_23' title="bbox 507 3471 1574 3556; baseline 0.004 -26"><span class='ocrx_word' id='word_1_143' title='bbox 507 3471 699 3532; x_wconf 88' lang='lat' dir='ltr'>addictorum.</span> <span class='ocrx_word' id='word_1_144' title='bbox 716 3474 843 3546; x_wconf 75' lang='lat' dir='ltr'>Huiusce</span> <span class='ocrx_word' id='word_1_145' title='bbox 857 3471 936 3532; x_wconf 88' lang='lat' dir='ltr'>vocis</span> <span class='ocrx_word' id='word_1_146' title='bbox 949 3472 1188 3550; x_wconf 81' lang='lat' dir='ltr'>significationem</span> <span class='ocrx_word' id='word_1_147' title='bbox 1200 3474 1349 3534; x_wconf 66' lang='lat' dir='ltr'>enucleati</span> <span class='ocrx_word' id='word_1_148' title='bbox 1366 3474 1461 3556; x_wconf 88' lang='lat' dir='ltr'>aperit</span> <span class='ocrx_word' id='word_1_149' title='bbox 1474 3474 1574 3534; x_wconf 87' lang='lat' dir='ltr'>Orde-</span> 
     </span>
     <span class='ocr_line' id='line_1_24' title="bbox 507 3563 1574 3644; baseline 0 -20"><span class='ocrx_word' id='word_1_150' title='bbox 507 3564 585 3624; x_wconf 89' lang='lat' dir='ltr'>ricus</span> <span class='ocrx_word' id='word_1_151' title='bbox 599 3563 712 3640; x_wconf 83' lang='lat' dir='ltr'>vitalis,</span> <span class='ocrx_word' id='word_1_152' title='bbox 726 3566 756 3623; x_wconf 92' lang='lat' dir='ltr'>in</span> <span class='ocrx_word' id='word_1_153' title='bbox 776 3571 907 3624; x_wconf 79' lang='lat' dir='ltr'>Historia</span> <span class='ocrx_word' id='word_1_154' title='bbox 919 3571 1126 3644; x_wconf 79' lang='lat' dir='ltr'>ecclesiastica,</span> <span class='ocrx_word' id='word_1_155' title='bbox 1142 3567 1194 3626; x_wconf 88' lang='lat' dir='ltr'>lib.</span> <span class='ocrx_word' id='word_1_156' title='bbox 1209 3571 1253 3627; x_wconf 90' lang='lat'>111</span> <span class='ocrx_word' id='word_1_157' title='bbox 1270 3589 1277 3626; x_wconf 92' lang='lat'><strong>:</strong></span> <span class='ocrx_word' id='word_1_158' title='bbox 1295 3590 1309 3626; x_wconf 77' lang='lat' dir='ltr'>a</span> <span class='ocrx_word' id='word_1_159' title='bbox 1327 3572 1406 3626; x_wconf 82' lang='lat' dir='ltr'>Talis</span> <span class='ocrx_word' id='word_1_160' title='bbox 1423 3569 1502 3626; x_wconf 75' lang='lat' dir='ltr'>homo</span> <span class='ocrx_word' id='word_1_161' title='bbox 1515 3590 1574 3625; x_wconf 80' lang='lat' dir='ltr'>non</span> 
     </span>
     <span class='ocr_line' id='line_1_25' title="bbox 511 3657 1577 3740; baseline 0.007 -29"><span class='ocrx_word' id='word_1_162' title='bbox 511 3683 525 3711; x_wconf 85' lang='grc' dir='ltr'>ι</span> <span class='ocrx_word' id='word_1_163' title='bbox 547 3657 629 3716; x_wconf 85' lang='lat' dir='ltr'>debet</span> <span class='ocrx_word' id='word_1_164' title='bbox 649 3659 735 3716; x_wconf 85' lang='lat' dir='ltr'>abbas</span> <span class='ocrx_word' id='word_1_165' title='bbox 753 3679 825 3734; x_wconf 84' lang='lat' dir='ltr'>esse,</span> <span class='ocrx_word' id='word_1_166' title='bbox 841 3665 891 3736; x_wconf 85' lang='lat' dir='ltr'>qui</span> <span class='ocrx_word' id='word_1_167' title='bbox 909 3666 1064 3718; x_wconf 74' lang='lat' dir='ltr'>exteriores</span> <span class='ocrx_word' id='word_1_168' title='bbox 1080 3681 1164 3720; x_wconf 81' lang='lat' dir='ltr'>cums</span> <span class='ocrx_word' id='word_1_169' title='bbox 1183 3668 1274 3719; x_wconf 81' lang='lat' dir='ltr'>nescit</span> <span class='ocrx_word' id='word_1_170' title='bbox 1288 3664 1468 3740; x_wconf 81' lang='lat' dir='ltr'>negligitque.</span> <span class='ocrx_word' id='word_1_171' title='bbox 1489 3665 1577 3725; x_wconf 78' lang='lat' dir='ltr'>Unde</span> 
     </span>
     <span class='ocr_line' id='line_1_26' title="bbox 510 3753 1574 3833; baseline 0.006 -27"><span class='ocrx_word' id='word_1_172' title='bbox 510 3779 523 3806; x_wconf 72' lang='grc' dir='ltr'>ι</span> <span class='ocrx_word' id='word_1_173' title='bbox 546 3753 635 3812; x_wconf 78' lang='lat' dir='ltr'>vivent</span> <span class='ocrx_word' id='word_1_174' title='bbox 647 3769 781 3826; x_wconf 72' lang='lat' dir='ltr'>amiotus,</span> <span class='ocrx_word' id='word_1_175' title='bbox 795 3760 822 3811; x_wconf 82' lang='lat' dir='ltr'>si</span> <span class='ocrx_word' id='word_1_176' title='bbox 833 3755 993 3830; x_wconf 74' lang='lat' dir='ltr'>defecerint</span> <span class='ocrx_word' id='word_1_177' title='bbox 1007 3759 1155 3813; x_wconf 69' lang='lat' dir='ltr'>aratores?</span> <span class='ocrx_word' id='word_1_178' title='bbox 1170 3762 1316 3833; x_wconf 79' lang='lat' dir='ltr'>[nsipiens</span> <span class='ocrx_word' id='word_1_179' title='bbox 1328 3770 1370 3814; x_wconf 78' lang='lat' dir='ltr'>est</span> <span class='ocrx_word' id='word_1_180' title='bbox 1380 3761 1431 3832; x_wconf 85' lang='lat' dir='ltr'>qni</span> <span class='ocrx_word' id='word_1_181' title='bbox 1435 3759 1504 3832; x_wconf 79' lang='lat' dir='ltr'>ptus</span> <span class='ocrx_word' id='word_1_182' title='bbox 1513 3777 1574 3832; x_wconf 81' lang='lat' dir='ltr'>ap-</span> 
     </span>
     <span class='ocr_line' id='line_1_27' title="bbox 509 3848 1576 3926; baseline 0.006 -26"><span class='ocrx_word' id='word_1_183' title='bbox 509 3873 523 3900; x_wconf 77' lang='lat'><strong>«</strong></span> <span class='ocrx_word' id='word_1_184' title='bbox 543 3851 618 3923; x_wconf 83' lang='lat' dir='ltr'>perir</span> <span class='ocrx_word' id='word_1_185' title='bbox 636 3852 666 3904; x_wconf 84' lang='lat' dir='ltr'>t&#39;n</span> <span class='ocrx_word' id='word_1_186' title='bbox 686 3851 809 3905; x_wconf 82' lang='lat' dir='ltr'>claustro</span> <span class='ocrx_word' id='word_1_187' title='bbox 826 3851 922 3926; x_wconf 82' lang='lat' dir='ltr'>legere</span> <span class='ocrx_word' id='word_1_188' title='bbox 941 3852 986 3906; x_wconf 76' lang='lat' dir='ltr'>oei</span> <span class='ocrx_word' id='word_1_189' title='bbox 1000 3848 1131 3925; x_wconf 81' lang='lat' dir='ltr'>scribere,</span> <span class='ocrx_word' id='word_1_190' title='bbox 1147 3870 1231 3926; x_wconf 82' lang='lat' dir='ltr'>quam</span> <span class='ocrx_word' id='word_1_191' title='bbox 1251 3851 1326 3906; x_wconf 79' lang='lat' dir='ltr'>unde</span> <span class='ocrx_word' id='word_1_192' title='bbox 1343 3850 1466 3925; x_wconf 72' lang='lat' dir='ltr'>[tarnim</span> <span class='ocrx_word' id='word_1_193' title='bbox 1485 3855 1576 3906; x_wconf 78' lang='lat' dir='ltr'>victus</span> 
     </span>
     <span class='ocr_line' id='line_1_28' title="bbox 510 3939 1574 4021; baseline 0.002 -23"><span class='ocrx_word' id='word_1_194' title='bbox 510 3963 524 3993; x_wconf 79' lang='lat' dir='ltr'>t</span> <span class='ocrx_word' id='word_1_195' title='bbox 546 3941 714 3999; x_wconf 73' lang='lat' dir='ltr'>exhibeatur</span> <span class='ocrx_word' id='word_1_196' title='bbox 729 3961 894 4017; x_wconf 83' lang='lat' dir='ltr'>procurare.</span> <span class='ocrx_word' id='word_1_197' title='bbox 921 3967 934 3994; x_wconf 78' lang='grc' dir='ltr'><strong>ι</strong></span> <span class='ocrx_word' id='word_1_198' title='bbox 958 3943 1013 4003; x_wconf 84' lang='lat' dir='ltr'>Ed.</span> <span class='ocrx_word' id='word_1_199' title='bbox 1031 3947 1074 4001; x_wconf 87' lang='lat' dir='ltr'>Le</span> <span class='ocrx_word' id='word_1_200' title='bbox 1090 3945 1219 4014; x_wconf 75' lang='lat' dir='ltr'>Prevost,</span> <span class='ocrx_word' id='word_1_201' title='bbox 1239 3946 1283 4014; x_wconf 88' lang='lat'>11,</span> <span class='ocrx_word' id='word_1_202' title='bbox 1303 3944 1352 4001; x_wconf 74' lang='lat' dir='ltr'>tt.</span> <span class='ocrx_word' id='word_1_203' title='bbox 1372 3939 1574 4021; x_wconf 81' lang='lat' dir='ltr'>Rejiciendam</span> 
     </span>
     <span class='ocr_line' id='line_1_29' title="bbox 507 4031 1575 4114; baseline 0.004 -24"><span class='ocrx_word' id='word_1_204' title='bbox 507 4031 595 4113; x_wconf 81' lang='lat' dir='ltr'>igitur</span> <span class='ocrx_word' id='word_1_205' title='bbox 609 4047 742 4112; x_wconf 85' lang='lat' dir='ltr'>putamus</span> <span class='ocrx_word' id='word_1_206' title='bbox 754 4053 857 4094; x_wconf 85' lang='lat' dir='ltr'>novam</span> <span class='ocrx_word' id='word_1_207' title='bbox 868 4055 956 4114; x_wconf 91' lang='lat' dir='ltr'>quam</span> <span class='ocrx_word' id='word_1_208' title='bbox 970 4049 1139 4114; x_wconf 86' lang='lat' dir='ltr'>proponunt</span> <span class='ocrx_word' id='word_1_209' title='bbox 1149 4035 1326 4096; x_wconf 86' lang='lat' dir='ltr'>Benedictini</span> <span class='ocrx_word' id='word_1_210' title='bbox 1338 4035 1503 4108; x_wconf 87' lang='lat' dir='ltr'>lectionem,</span> <span class='ocrx_word' id='word_1_211' title='bbox 1518 4034 1575 4094; x_wconf 90' lang='lat' dir='ltr'>sci-</span> 
     </span>
     <span class='ocr_line' id='line_1_30' title="bbox 508 4125 743 4187; baseline 0.009 -3"><span class='ocrx_word' id='word_1_212' title='bbox 508 4125 743 4187; x_wconf 77' lang='lat' dir='ltr'>licetarutorum.</span> 
     </span>
    </p>

    <p class='ocr_par' dir='ltr' id='par_1_7' title="bbox 507 4219 1574 4374">
     <span class='ocr_line' id='line_1_31' title="bbox 547 4219 1574 4302; baseline 0.002 -24"><span class='ocrx_word' id='word_1_213' title='bbox 547 4223 577 4280; x_wconf 76' lang='lat' dir='ltr'>l.</span> <span class='ocrx_word' id='word_1_214' title='bbox 603 4219 791 4281; x_wconf 83' lang='lat' dir='ltr'>Tricesimum</span> <span class='ocrx_word' id='word_1_215' title='bbox 817 4219 936 4280; x_wconf 90' lang='lat' dir='ltr'>tertium</span> <span class='ocrx_word' id='word_1_216' title='bbox 959 4221 1057 4281; x_wconf 84' lang='lat' dir='ltr'>Sancti</span> <span class='ocrx_word' id='word_1_217' title='bbox 1073 4221 1205 4300; x_wconf 82' lang='lat' dir='ltr'>Dionysii</span> <span class='ocrx_word' id='word_1_218' title='bbox 1231 4222 1381 4296; x_wconf 85' lang='lat' dir='ltr'>abbatem,</span> <span class='ocrx_word' id='word_1_219' title='bbox 1406 4220 1458 4302; x_wconf 88' lang='lat' dir='ltr'>qui</span> <span class='ocrx_word' id='word_1_220' title='bbox 1475 4220 1574 4281; x_wconf 83' lang='lat' dir='ltr'>Yroni</span> 
     </span>
     <span class='ocr_line' id='line_1_32' title="bbox 507 4311 837 4374; baseline 0.003 -2"><span class='ocrx_word' id='word_1_221' title='bbox 507 4311 642 4373; x_wconf 86' lang='lat' dir='ltr'>successit</span> <span class='ocrx_word' id='word_1_222' title='bbox 657 4333 734 4373; x_wconf 90' lang='lat' dir='ltr'>anno</span> <span class='ocrx_word' id='word_1_223' title='bbox 747 4317 837 4374; x_wconf 79' lang='lat' dir='ltr'><strong>l09l.</strong></span> 
     </span>
    </p>

    <p class='ocr_par' dir='ltr' id='par_1_8' title="bbox 505 4407 1572 4562">
     <span class='ocr_line' id='line_1_33' title="bbox 547 4407 1572 4480; baseline 0.004 -13"><span class='ocrx_word' id='word_1_224' title='bbox 547 4411 577 4467; x_wconf 82' lang='lat' dir='ltr'>tt.</span> <span class='ocrx_word' id='word_1_225' title='bbox 599 4411 780 4466; x_wconf 76' lang='lat' dir='ltr'>Buchardunr</span> <span class='ocrx_word' id='word_1_226' title='bbox 793 4411 883 4480; x_wconf 72' lang='lat' dir='ltr'>otoo,</span> <span class='ocrx_word' id='word_1_227' title='bbox 896 4420 928 4468; x_wconf 88' lang='lat' dir='ltr'>ut</span> <span class='ocrx_word' id='word_1_228' title='bbox 940 4419 969 4468; x_wconf 82' lang='lat' dir='ltr'>et</span> <span class='ocrx_word' id='word_1_229' title='bbox 981 4407 1069 4468; x_wconf 71' lang='lat' dir='ltr'>iniri.</span> <span class='ocrx_word' id='word_1_230' title='bbox 1084 4443 1124 4456; x_wconf 88' lang='lat'><em>-</em></span> <span class='ocrx_word' id='word_1_231' title='bbox 1138 4413 1316 4470; x_wconf 75' lang='lat' dir='ltr'>Burcardum</span> <span class='ocrx_word' id='word_1_232' title='bbox 1335 4415 1394 4472; x_wconf 75' lang='lat' dir='ltr'>tas</span> <span class='ocrx_word' id='word_1_233' title='bbox 1410 4423 1440 4471; x_wconf 84' lang='lat' dir='ltr'>et</span> <span class='ocrx_word' id='word_1_234' title='bbox 1458 4413 1572 4472; x_wconf 71' lang='lat' dir='ltr'>lYllO.</span> 
     </span>
     <span class='ocr_line' id='line_1_34' title="bbox 505 4501 847 4562; baseline 0 0"><span class='ocrx_word' id='word_1_235' title='bbox 505 4504 535 4562; x_wconf 85' lang='lat' dir='ltr'>Is</span> <span class='ocrx_word' id='word_1_236' title='bbox 547 4513 592 4560; x_wconf 88' lang='lat' dir='ltr'>est</span> <span class='ocrx_word' id='word_1_237' title='bbox 604 4501 785 4562; x_wconf 85' lang='lat' dir='ltr'>Burchardus</span> <span class='ocrx_word' id='word_1_238' title='bbox 799 4505 847 4562; x_wconf 88' lang='lat' dir='ltr'>lV.</span> 
     </span>
    </p>

    <p class='ocr_par' dir='ltr' id='par_1_9' title="bbox 549 4594 816 4673">
     <span class='ocr_line' id='line_1_35' title="bbox 549 4594 816 4673; baseline 0.004 -19"><span class='ocrx_word' id='word_1_239' title='bbox 549 4595 579 4656; x_wconf 87' lang='lat'>6.</span> <span class='ocrx_word' id='word_1_240' title='bbox 601 4594 695 4673; x_wconf 80' lang='lat' dir='ltr'>Vulgo</span> <span class='ocrx_word' id='word_1_241' title='bbox 707 4597 816 4664; x_wconf 70' lang='lat' dir='ltr'>Poissr.</span> 
     </span>
    </p>
   </div>
   <div class='ocr_carea' id='block_1_5' title="bbox 0 0 1876 5667">
    <p class='ocr_par' dir='ltr' id='par_1_10' title="bbox 0 0 1876 5667">
     <span class='ocr_line' id='line_1_36' title="bbox 0 0 1876 5667; baseline 0 1"><span class='ocrx_word' id='word_1_242' title='bbox 0 0 1876 5667; x_wconf 95' lang='lat' dir='ltr'> </span> 
     </span>
    </p>
   </div>
  </div>
 </body>
</html>
