3742 5667
502 775 561 832 loa
725 771 891 829 OEuvnss
911 757 1123 830 connisus
1143 769 1191 826 nn
1216 767 1349 825 suoru.

501 909 537 980 Si
548 906 658 996 enim,
670 929 754 978 curn
765 902 884 976 adhuc
897 902 992 975 mole
1004 914 1228 1001 premeretur
1236 900 1412 998 eorporis,
1422 913 1561 971 tantam

501 1048 569 1122 pro
591 1019 759 1114 fratribus
778 1017 924 1116 gerebat
939 1009 1227 1104 sollicitudinem,
1243 1013 1331 1113 quid
1346 1038 1445 1086 nuno
1458 1039 1561 1110 agere

501 1135 701 1210 credendus
725 1149 790 1224 est,
809 1130 954 1230 quando
976 1133 1094 1205 carnis
1115 1133 1231 1231 ruptis
1250 1129 1402 1202 vinculis
1422 1129 1468 1202 ad
1483 1129 1560 1230 ple·

500 1279 585 1326 nam
606 1251 808 1326 libertatem
824 1247 1019 1348 perductus
1033 1249 1166 1320 evasit?
1181 1246 1285 1320 Haud
1302 1244 1455 1318 dubium
1471 1245 1559 1344 quin

501 1367 595 1440 illius
611 1366 722 1438 modo
747 1389 871 1464 preces
895 1364 1071 1436 Dominus
1091 1364 1285 1435 clementer
1300 1361 1478 1450 admittat,
1498 1360 1561 1459 qui

498 1482 644 1555 Domini
671 1495 847 1581 praecepta
876 1493 912 1551 et
927 1493 1061 1550 attente
1076 1477 1214 1550 audivit
1234 1491 1271 1549 et
1290 1475 1481 1571 diligenter
1496 1475 1563 1548 im·

498 1597 622 1698 pluvit.

573 1987 722 2036 nuruum
747 1984 943 2034 mesonca
967 1983 1168 2032 conversus
1191 1985 1309 2034 sanun
1333 1983 1484 2034 moursn

754 2102 799 2150 nr
824 2100 943 2148 uonrn
967 2099 1105 2148 snornn
1129 2101 1269 2150 aurens
1281 2079 1303 2148 ¹.

548 2364 727 2438 Omnibus
752 2361 918 2436 fidelibus
943 2360 1076 2459 ubique
1108 2363 1144 2433 in
1174 2360 1315 2433 Christo
1341 2360 1559 2446 constitutis,

499 2479 646 2554 humilis
671 2481 766 2552 Beati
788 2478 947 2577 Dionysii
966 2493 1165 2550 conventus
1187 2478 1353 2568 salutem,
1380 2491 1415 2548 et
1430 2500 1498 2574 pro
1518 2499 1560 2546 ea

499 2621 579 2693 quae
604 2596 641 2666 in
661 2596 824 2692 praesenti
843 2592 1058 2693 postulatur,
1076 2608 1245 2666 aeternam
1261 2592 1299 2664 in
1312 2592 1412 2665 coetis
1430 2616 1557 2666 oonse-

500 2711 563 2808 qui
576 2709 872 2783 consolationem.

548 2825 865 2899 Reverendissimi'
880 2840 914 2897 et
930 2827 999 2925 piae
1012 2824 1270 2898 recordationis
1280 2825 1437 2922 Sugerii'
1451 2823 1560 2897 abba-

498 2941 543 3012 tis
559 2941 753 3035 gloriosum
773 2940 819 3013 de
839 2941 910 3014 hoc
927 2938 1067 3012 mundo
1084 2940 1275 3012 transitum
1288 2955 1418 3012 sancte
1432 2939 1560 3011 unani·

498 3056 614 3128 mitati
630 3073 753 3130 vestre
768 3055 916 3153 dignum
933 3056 1102 3129 duximus
1118 3056 1295 3147 intimare,
1312 3070 1365 3147 ut,
1384 3056 1422 3128 in
1434 3054 1562 3127 dolore
1629 3151 1632 3154 Α

498 3194 574 3267 quo
599 3170 890 3244 inaestimabiliter
900 3172 1119 3244 consternati
1133 3195 1270 3259 sumus,
1283 3197 1304 3244 a
1319 3171 1465 3244 caritate
1480 3195 1561 3242 ves·

498 3301 555 3359 tra
572 3286 773 3359 remedium
796 3285 942 3385 aliquod
966 3285 1082 3358 solatii
1104 3301 1345 3385 reportemus.
1365 3286 1436 3375 Qui
1464 3287 1560 3358 enim

498 3403 606 3474 unius
623 3403 750 3502 capitis
765 3427 892 3475 omnes
908 3401 1014 3475 simul
1030 3419 1066 3475 et
1088 3401 1217 3499 singuli
1233 3400 1398 3474 membra
1420 3425 1557 3492 snmus,

501 3533 643 3591 constat
658 3519 742 3616 quia
758 3533 891 3590 mutue
916 3519 1173 3617 compassionis
1198 3519 1353 3590 invicem
1378 3516 1561 3589 debitores

500 3633 694 3705 existimus.
711 3637 849 3731 Itaque,
866 3634 949 3706 licet
964 3647 1184 3705 memoratus
1200 3648 1237 3705 et
1252 3633 1419 3706 omnihus
1433 3631 1561 3704 seculis

499 3746 757 3821 memorandus
780 3763 883 3848 pater
906 3773 973 3848 pro
996 3749 1164 3844 singulari
1181 3750 1365 3848 snpientia,
1385 3773 1455 3848 pro
1470 3762 1559 3820 stre

499 3865 636 3936 nuitate
653 3879 689 3936 et
705 3863 880 3936 industria
896 3889 959 3937 sua
968 3863 1049 3938 orbi
1064 3889 1157 3964 pene
1170 3865 1338 3938 universo
1348 3863 1558 3954 innotuerit,

444 4127 452 4137 ‘
540 4130 569 4185 l.
588 4123 675 4186 Nullo
690 4123 776 4184 affixo
789 4121 883 4184 codici
898 4143 968 4196 ms,
984 4124 1038 4185 iste
1051 4125 1209 4206 prefigitur
1220 4125 1320 4185 titulus
1332 4123 1452 4186 editioni
1465 4129 1558 4186 Bene-

498 4216 686 4279 dictinomm.
697 4253 738 4264 —
751 4223 796 4277 De
808 4221 922 4298 Sugerr'i
942 4217 1054 4277 abbatis
1074 4239 1192 4278 recena
1207 4223 1328 4298 epistola
1344 4218 1375 4280 in
1395 4222 1491 4280 lrunte
1502 4219 1557 4280 lta·

498 4312 547 4374 bet
558 4311 646 4373 editio
658 4310 774 4372 baronis
788 4313 824 4372 de
839 4310 958 4372 tttolio.

539 4411 568 4466 2.
587 4407 812 4465 reverentissimi
825 4423 880 4464 ms.
896 4404 963 4466 cod.

539 4505 569 4560 3.
585 4505 717 4580 suggerii
731 4497 782 4558 dat
795 4495 860 4558 cod.
876 4517 944 4572 ins„
958 4510 989 4557 ut
1002 4501 1078 4580 sepe
1090 4500 1192 4565 etalii.
