3742 5667
610 809 673 866 vlu
693 809 743 865 DE
765 807 876 866 LOUIS
896 809 945 864 LE
966 806 1076 868 GROS.
1332 810 1366 866 Ql

306 957 531 1026 corruentes,
552 943 755 1014 lancearum
769 957 970 1014 erectarum
987 955 1022 1012 et
1035 943 1301 1014 occurrentium
1315 967 1370 1012 sa-

306 1060 476 1154 gittarum
494 1059 645 1158 cuspide
660 1058 835 1156 perfossi,
859 1073 1059 1130 extremum
1081 1058 1245 1155 spiritum
1264 1060 1370 1131 exha-

308 1175 432 1267 lantes,
447 1176 620 1248 miseras¹
633 1176 770 1250 animas
785 1173 1010 1247 cumdolore
1024 1173 1072 1247 ad
1092 1174 1225 1246 inferos
1246 1190 1370 1248 trans-

305 1291 505 1364 tulerunt¹.

353 1411 430 1482 vn.
460 1410 624 1480 Castrum
646 1406 746 1506 quod
766 1408 897 1480 dicitur
925 1408 1029 1479 ldons
1051 1410 1202 1479 Acutus'
1229 1407 1373 1480 validis·

306 1524 454 1616 simum,
471 1525 508 1596 in
525 1547 616 1623 pago
631 1521 872 1612 laudunensi,
887 1524 1075 1596 occasione
1091 1523 1278 1621 cujusdam
1296 1551 1373 1596 ma·

308 1640 469 1713 trimonii
505 1640 654 1735 contigit
693 1639 867 1710 Thomam
897 1638 942 1710 de
977 1642 1117 1712 Marna*
1147 1639 1369 1733 obtinuisse,

305 1755 496 1828 bominem
516 1755 809 1854 perditissimum,
822 1759 900 1828 Deo
914 1754 1168 1827 ethominibus
1183 1757 1369 1850 infestum,

307 1873 409 1968 cujus
442 1871 706 1944 intolerabilem
722 1869 825 1943 velut
848 1870 1097 1942 immanissimi
1129 1870 1205 1969 lupi
1233 1872 1371 1945 rabiem

306 1986 593 2086 inexpugnabilis
639 1987 745 2060 castri
779 1984 927 2057 audacia
958 2003 1249 2060 concrescentem
1288 2013 1372 2062 cum

306 2127 434 2176 omnes
453 2103 734 2200 circumquaque
761 2102 1007 2200 compatriotae·
1027 2117 1064 2174 et
1082 2101 1317 2177 formidarent
1336 2119 1373 2177 et

306 2217 562 2308 obbonerent,
572 2219 649 2316 ipse
663 2218 727 2315 qui
744 2216 933 2289 dicebatur
947 2232 1047 2316 pater
1073 2218 1149 2314 ejus
1175 2223 1372 2316 Engerrau-

308 2337 386 2406 nus¹
396 2333 446 2405 de
460 2337 567 2424 Bova,
586 2335 642 2405 vir
652 2332 865 2405 venerabilis
878 2346 913 2404 et
928 2332 1162 2424 honorificus,
1181 2337 1320 2430 egregie
1336 2351 1373 2408 et

306 2465 434 2550 preter
447 2448 537 2521 alios
550 2449 651 2522 illum
667 2448 713 2521 de
730 2465 845 2522 castro
858 2449 984 2546 ejicere
1000 2450 1048 2521 ob
1064 2451 1140 2548 ejus
1164 2451 1372 2524 fautiosam‘

308 2565 536 2663 tyrannidem
568 2565 813 2638 moliebatur'.
852 2567 1165 2638 communicatum
1191 2581 1243 2639 est
1280 2569 1374 2640 inter

308 2706 380 2774 eos,
397 2682 521 2780 ipsum
536 2680 703 2754 videlicet
718 2685 991 2777 Engerrauuum
1010 2695 1046 2752 et
1065 2680 1217 2755 Ebalum
1244 2684 1371 2756 Rucia·

311 2823 466 2891 censem,
490 2823 574 2870 cum
601 2797 768 2870 omnibns
787 2823 878 2895 quos
902 2797 1047 2870 allicere
1071 2797 1139 2869 sibi
1160 2814 1369 2897 potuerunt,

312 2931 465 2987 mstrum
476 2929 513 2988 et
527 2915 564 2986 in
573 2928 692 2986 castro
705 2937 788 2985 eum
798 2912 978 3003 obsidere,
995 2913 1274 3012 circumquaque
1286 2941 1371 2988 eum

313 3047 345 3104 et
359 3030 443 3130 palo
459 3045 495 3104 et
510 3030 645 3101 vimine
658 3030 952 3124 circumcingere,
972 3053 1127 3128 eumque
1143 3030 1255 3103 multa
1269 3056 1371 3104 mora

314 3147 401 3218 lame
423 3145 686 3245 periclitantem
710 3144 757 3217 ad
782 3145 1003 3218 deditionem
1026 3170 1167 3240 cogere,
1199 3163 1373 3219 castrum·

315 3287 392 3362 que,
415 3263 444 3334 si
461 3276 581 3360 posset
596 3261 686 3351 sieri,
706 3262 926 3353 subvertere,
944 3286 1099 3357 euinque
1118 3264 1268 3359 perenni
1290 3288 1370 3334 car-

316 3403 389 3452 cere
401 3377 657 3452 condemnare.
673 3377 781 3466 Quod
801 3379 927 3450 videns
943 3378 998 3448 vir
1015 3402 1186 3475 nequam,
1207 3378 1282 3474 jam
1308 3378 1371 3449 fir-

320 3495 416 3568 matis
430 3494 599 3585 castellis,
619 3517 704 3566 cum
727 3493 885 3567 necdum
907 3493 1003 3565 vallo
1028 3492 1075 3565 ab
1100 3493 1170 3565 alio
1195 3493 1241 3566 ad
1273 3492 1372 3565 aliud

357 3794 384 3852 l.
405 3794 511 3849 Miseri
521 3790 570 3852 ed.
584 3791 684 3851 Germ.
699 3823 740 3835 —
760 3793 790 3852 2.
817 3795 1048 3850 Transmiserurrt
1061 3791 1152 3849 6263.

357 3885 383 3942 3.
399 3882 492 3962 angb
505 3889 661 3962 Montar'gu
675 3882 801 3964 (Aisne).
816 3915 858 3928 -
872 3887 901 3942 li.
924 3882 1018 3961 Vulgd
1031 3886 1130 3940 Marte
1144 3881 1270 3963 (Alsne).

359 3981 386 4040 ὃ.
404 3982 593 4054 angerannus
610 3981 668 4037 135
686 3989 773 4054 atque
791 3975 861 4036 edit.
882 3977 982 4035 Germ.
1000 4009 1039 4022 -
1059 3979 1267 4054 Eugenmnnus
1282 3980 1374 4041 tarn.

327 4075 572 4150 -Euger'rrannns
588 4070 655 4130 edd.
675 4071 778 4131 Cbcsn.
801 4082 830 4129 et
851 4069 1000 4128 Benedict.
1015 4070 1095 4128 lderu
1107 4069 1217 4148 quique
1238 4071 1325 4129 inlrlr.
1346 4073 1375 4129 Is

328 4176 481 4224 eratcomes
494 4164 704 4224 Ambianensis.
720 4168 755 4223 V.
775 4169 837 4224 Art.
854 4167 891 4221 cle
906 4167 989 4241 veris.
1005 4169 1048 4221 les
1061 4167 1154 4237 dates,
1167 4167 1210 4237 ll,
1225 4168 1296 4226 715.

362 4261 387 4316 t.
407 4261 565 4332 Fautr‘osus,
582 4258 612 4316 id
627 4273 670 4318 est
684 4259 824 4330 delector,
837 4270 870 4316 ut
880 4271 963 4318 notat
971 4258 1107 4336 cangius,
1120 4258 1181 4316 haec
1191 4259 1254 4337 ipsa
1264 4258 1377 4336 Sugerii

332 4347 404 4408 rerba
416 4349 608 4432 interpretans
627 4349 670 4430 (r⁰
681 4356 790 4424 Facrlo,
802 4353 847 4430 2).

364 4447 389 4502 7.
403 4447 441 4502 ltl
454 4445 522 4503 edd.
538 4445 642 4506 chesn.
658 4457 687 4505 et
701 4445 851 4506 Benedict.
866 4481 905 4494 -
917 4445 1131 4506 Demsliebaurr
1144 4445 1272 4525 quinque
1288 4447 1376 4507 codd.

334 4554 360 4592 uc
372 4535 413 4594 ed.
428 4539 528 4600 Genu.
