3742 5667
616 853 680 908 vlt
701 854 750 909 DE
769 852 881 911 totns
902 853 949 910 LE
972 852 1081 914 GROS.
1343 856 1380 912 85

322 984 426 1057 castri
453 984 672 1057 restitutioni
695 984 877 1077 insistunt,
898 1010 961 1058 rex
987 984 1235 1085 propinquum
1255 1010 1321 1085 pro
1337 988 1384 1060 sa·

322 1098 453 1171 cultate
476 1099 613 1196 colligit
635 1101 846 1176 exercitum.
866 1100 986 1173 Multis
1012 1102 1212 1173 enimcum
1236 1102 1271 1174 in
1297 1102 1384 1175 locis

320 1238 448 1311 guerra
472 1216 633 1311 urgebat.
662 1218 826 1314 Cumque
847 1218 1001 1290 instante
1021 1217 1080 1290 die
1103 1220 1226 1290 Martis
1248 1220 1382 1292 exerci-

319 1345 398 1403 tum
422 1330 626 1423 eduxisset,
653 1332 745 1404 acies
761 1332 962 1430 componit,
989 1333 1098 1406 duces
1124 1334 1311 1433 proponit,
1333 1360 1384 1407 sa-

318 1446 483 1544 gittarios
505 1464 543 1521 et
557 1446 758 1521 balistarios
775 1448 856 1520 loco
882 1474 949 1521 suo
968 1449 1135 1549 opponit,
1162 1465 1199 1521 et
1213 1449 1385 1549 pedeten-

318 1560 854 1663 timcastroadhucimperfecto
867 1564 1193 1663 appropinquans¹,
1212 1566 1384 1663 quoniam

317 1676 510 1751 audierat⁸
532 1679 704 1753 comitem
723 1677 971 1753 Theobaldum
1001 1705 1039 1753 se
1060 1681 1240 1779 jactitasse
1259 1698 1385 1755 contra

318 1816 403 1866 eum
431 1794 471 1865 in
502 1818 631 1891 campo
662 1792 849 1885 dimicare,
888 1809 1059 1867 consueta
1094 1796 1385 1890 magnanimitate

318 1908 429 2008 pedes
446 1924 604 1983 armatus
625 1910 721 1982 inter
743 1923 898 1982 armatos
915 1909 1113 2002 descendit,
1133 1936 1246 2009 equos
1269 1936 1386 1985 remo-

317 2026 395 2097 veri
410 2025 532 2122 jubet,
557 2049 650 2123 quos
675 2024 896 2098 descendere
921 2050 1042 2099 secum
1060 2026 1190 2099 fecerat
1214 2028 1261 2100 ad
1275 2027 1384 2100 auda-

318 2140 410 2213 ciam
438 2141 581 2231 invitat,
609 2164 656 2213 ne
691 2141 879 2213 flectantur
913 2142 1090 2233 sollicitat,
1122 2158 1163 2215 ut
1194 2143 1385 2217 fortissime

318 2255 496 2329 dimicent
511 2257 654 2329 clamat.
675 2260 794 2345 Quem
812 2281 897 2329 cum
915 2256 1007 2330 adeo
1024 2274 1168 2331 strenue
1182 2260 1385 2331 venientem

317 2372 441 2445 hostes
463 2388 500 2444 et
521 2372 686 2444 viderent
711 2387 747 2444 et
774 2372 1026 2464 formidarent,
1052 2374 1155 2447 veriti
1180 2375 1285 2446 castri
1303 2398 1387 2472 pro·

319 2490 484 2561 cinctum
500 2489 608 2578 exire,
628 2487 754 2560 timide
769 2487 832 2560 sed
848 2504 952 2561 caute
967 2488 1152 2585 elegerunt
1167 2489 1259 2561 infra
1275 2512 1386 2586 quen·
1499 2568 1503 2575 ,

317 2602 403 2675 dam
423 2604 597 2676 fossatum
609 2604 798 2701 antiquum
810 2603 921 2676 duuti
931 2605 1038 2676 castri
1051 2606 1143 2677 acies
1150 2628 1381 2703 componere,

316 2718 443 2817 ibique
456 2734 643 2819 expectare
660 2746 668 2792 ε
685 2720 721 2791 in
735 2719 806 2793 hoc
821 2719 1004 2813 callentes,
1019 2735 1059 2792 ut
1074 2745 1157 2792 cum
1174 2720 1266 2817 regis
1280 2743 1383 2791 exer-

317 2835 409 2907 citus
426 2836 600 2909 fossatum
616 2835 829 2908 inniteretur
845 2834 1102 2927 conscendere,
1118 2835 1190 2908 illic
1203 2836 1381 2927 resistere,

317 2952 413 3023 acies
438 2951 638 3024 ordinatae⁸
669 2950 985 3043 exordinarentur,
1011 2950 1218 3023 exordinate
1239 2949 1383 3023 vacilla-

317 3081 412 3141 rent.
428 3066 538 3157 Quod
548 3092 679 3164 magna
691 3065 738 3139 de
750 3082 852 3166 parte
863 3067 1072 3162 contingere
1086 3068 1244 3162 contigit.
1262 3067 1383 3138 Primo

317 3185 414 3255 enim
429 3184 694 3280 congressionis
708 3183 859 3281 impetu,
875 3206 960 3254 cum
979 3183 1087 3278 regii·
1105 3183 1253 3280 quirites
1270 3181 1384 3255 multa

317 3298 428 3392 (aede,
448 3301 543 3372 mira
563 3298 728 3389 audacia,
750 3322 771 3369 a
790 3283 951 3370 fossato⁸
979 3322 1039 3370 eos
1062 3298 1153 3371 sicut
1172 3298 1285 3371 victos
1298 3320 1382 3395 pro·

317 3414 503 3514 pulissent,
519 3415 738 3489 exordinatis
770 3413 928 3508 aciebus,
946 3436 1009 3488 eos
1027 3412 1272 3487 indifferenter
1290 3414 1383 3485 inse-

319 3545 471 3628 quentes
489 3531 684 3627 agitabant.
1401 3614 1406 3623 Ι

365 3652 506 3720 Interea
529 3645 700 3719 Radulfirs
719 3646 1027 3742 Bangenciacensis
1039 3647 1062 3735 ⁸,
1086 3647 1139 3719 vir
1153 3647 1306 3741 magnae⁷
1328 3670 1382 3717 sa-

322 3765 481 3860 fflcitatis
500 3778 536 3837 et
557 3762 788 3855 strenuitatis,
815 3761 972 3860 idipsum
998 3759 1098 3860 quod
1119 3762 1267 3858 contigit
1284 3762 1382 3861 prius

360 4019 392 4075 t.
406 4016 492 4073 Anno
506 4014 582 4072 tata
595 4010 643 4069 vel
660 4012 738 4070 1113
750 4008 899 4069 obsessum
916 4020 961 4069 est
976 4005 1103 4068 secundo
1119 4006 1281 4071 Puteolum.

363 4106 393 4164 2.
406 4102 669 4164 Audiebmtttto.
685 4135 725 4148 -
738 4100 903 4161 Audiebaat
914 4101 982 4162 edd.
1000 4104 1101 4163 Germ.
1116 4112 1145 4161 et
1159 4101 1265 4164 ehesn.

361 4208 391 4265 3.
408 4204 456 4264 sic
470 4216 553 4282 quat.
570 4202 657 4268 codd.
672 4236 711 4249 -
726 4206 928 4277 conscendere,
944 4206 1003 4259 illic
1016 4208 1094 4259 acies
1107 4204 1295 4262 ordinatam...
1312 4202 1381 4265 edd.

325 4300 425 4361 chen.
442 4312 472 4358 et
484 4297 640 4358 Bened-
651 4298 851 4370 Conscendere,
863 4300 923 4353 illic
936 4298 1129 4369 coascendere,
1144 4296 1381 4371 acies....,male‚

327 4396 381 4453 135
394 4405 481 4471 atque
493 4391 564 4451 edit.
578 4392 679 4454 Germ.

360 4491 389 4546 1.
405 4490 496 4565 Regni
509 4487 618 4545 tarto.
635 4516 676 4531 -
688 4490 718 4546 5.
732 4488 851 4543 Fossam
865 4488 935 4545 135.

360 4586 387 4641 6.
402 4581 543 4657 liudulfus
554 4584 740 4654 Baujacensis
751 4580 861 4639 tatto.
870 4583 947 4637 -7.
964 4580 1045 4636 Mira
1059 4576 1135 4635 idem
1149 4575 1216 4637 cod.
