<?xml version="1.0" encoding="UTF-8"?>
<!DOCTYPE html PUBLIC "-//W3C//DTD XHTML 1.0 Transitional//EN"
    "http://www.w3.org/TR/xhtml1/DTD/xhtml1-transitional.dtd">
<html xmlns="http://www.w3.org/1999/xhtml" xml:lang="en" lang="en">
 <head>
  <title>
</title>
<meta http-equiv="Content-Type" content="text/html;charset=utf-8" />
  <meta name='ocr-system' content='tesseract 3.04.00' />
  <meta name='ocr-capabilities' content='ocr_page ocr_carea ocr_par ocr_line ocrx_word'/>
</head>
<body>
  <div class='ocr_page' id='page_1' title='image "./oeuvrescompltes00sugegoog_0262.png"; bbox 0 0 3742 5667; ppageno 0'>
   <div class='ocr_carea' id='block_1_1' title="bbox 519 769 1362 849">
    <p class='ocr_par' dir='ltr' id='par_1_1' title="bbox 519 769 1362 849">
     <span class='ocr_line' id='line_1_1' title="bbox 519 769 1362 849; baseline -0.005 0"><span class='ocrx_word' id='word_1_1' title='bbox 519 792 575 849; x_wconf 74' lang='lat' dir='ltr'><strong>aaa</strong></span> <span class='ocrx_word' id='word_1_2' title='bbox 736 786 903 847; x_wconf 83' lang='lat' dir='ltr'><strong>oauvaas</strong></span> <span class='ocrx_word' id='word_1_3' title='bbox 924 769 1138 843; x_wconf 76' lang='lat' dir='ltr'><strong>concurras</strong></span> <span class='ocrx_word' id='word_1_4' title='bbox 1158 786 1207 842; x_wconf 86' lang='lat' dir='ltr'><strong>nr</strong></span> <span class='ocrx_word' id='word_1_5' title='bbox 1229 786 1362 845; x_wconf 78' lang='lat' dir='ltr'><strong>susan.</strong></span> 
     </span>
    </p>
   </div>
   <div class='ocr_carea' id='block_1_2' title="bbox 403 916 1589 4255">
    <p class='ocr_par' dir='ltr' id='par_1_2' title="bbox 403 916 1589 4255">
     <span class='ocr_line' id='line_1_2' title="bbox 519 916 1587 1016; baseline -0.006 -24"><span class='ocrx_word' id='word_1_6' title='bbox 519 920 671 1014; x_wconf 59' lang='lat' dir='ltr'><strong>irruatis,</strong></span> <span class='ocrx_word' id='word_1_7' title='bbox 690 922 762 993; x_wconf 82' lang='lat' dir='ltr'><strong>sive</strong></span> <span class='ocrx_word' id='word_1_8' title='bbox 778 916 988 1006; x_wconf 75' lang='lat' dir='ltr'><strong>treaterrirlir,</strong></span> <span class='ocrx_word' id='word_1_9' title='bbox 1012 918 1140 987; x_wconf 80' lang='lat' dir='ltr'><strong>erescit</strong></span> <span class='ocrx_word' id='word_1_10' title='bbox 1160 918 1197 987; x_wconf 82' lang='lat' dir='ltr'><strong>r&#39;n</strong></span> <span class='ocrx_word' id='word_1_11' title='bbox 1217 917 1389 1016; x_wconf 83' lang='lat' dir='ltr'><strong>tenrplum</strong></span> <span class='ocrx_word' id='word_1_12' title='bbox 1411 934 1587 990; x_wconf 80' lang='lat' dir='ltr'><strong>sunctum</strong></span> 
     </span>
     <span class='ocr_line' id='line_1_3' title="bbox 517 1032 1589 1133; baseline -0.005 -24"><span class='ocrx_word' id='word_1_13' title='bbox 517 1063 555 1109; x_wconf 82' lang='lat' dir='ltr'><strong>m</strong></span> <span class='ocrx_word' id='word_1_14' title='bbox 569 1035 803 1109; x_wconf 74' lang='lat' dir='ltr'><strong>Domrbo¹.1n</strong></span> <span class='ocrx_word' id='word_1_15' title='bbox 816 1059 890 1132; x_wconf 92' lang='lat' dir='ltr'><strong>quo</strong></span> <span class='ocrx_word' id='word_1_16' title='bbox 903 1048 1014 1106; x_wconf 89' lang='lat' dir='ltr'><strong>etnos</strong></span> <span class='ocrx_word' id='word_1_17' title='bbox 1031 1046 1167 1131; x_wconf 90' lang='lat' dir='ltr'><strong>quanto</strong></span> <span class='ocrx_word' id='word_1_18' title='bbox 1179 1032 1298 1124; x_wconf 91' lang='lat' dir='ltr'><strong>altius,</strong></span> <span class='ocrx_word' id='word_1_19' title='bbox 1308 1049 1445 1133; x_wconf 86' lang='lat' dir='ltr'><strong>quanto</strong></span> <span class='ocrx_word' id='word_1_20' title='bbox 1459 1034 1589 1133; x_wconf 88' lang='lat' dir='ltr'><strong>aptius</strong></span> 
     </span>
     <span class='ocr_line' id='line_1_4' title="bbox 516 1139 1587 1249; baseline -0.005 -22"><span class='ocrx_word' id='word_1_21' title='bbox 516 1152 745 1227; x_wconf 83' lang='lat' dir='ltr'><strong>materialiter</strong></span> <span class='ocrx_word' id='word_1_22' title='bbox 768 1150 944 1225; x_wconf 87' lang='lat' dir='ltr'><strong>aedifrcare</strong></span> <span class='ocrx_word' id='word_1_23' title='bbox 966 1150 1150 1241; x_wconf 82' lang='lat' dir='ltr'><strong>instamus,</strong></span> <span class='ocrx_word' id='word_1_24' title='bbox 1179 1139 1280 1223; x_wconf 89' lang='lat' dir='ltr'><strong>tanto</strong></span> <span class='ocrx_word' id='word_1_25' title='bbox 1301 1175 1366 1247; x_wconf 90' lang='lat' dir='ltr'><strong>per</strong></span> <span class='ocrx_word' id='word_1_26' title='bbox 1390 1151 1587 1249; x_wconf 89' lang='lat' dir='ltr'><strong>nosipsos</strong></span> 
     </span>
     <span class='ocr_line' id='line_1_5' title="bbox 515 1264 1588 1369; baseline -0.004 -26"><span class='ocrx_word' id='word_1_27' title='bbox 515 1268 745 1369; x_wconf 83' lang='lat' dir='ltr'><strong>spiritualiter</strong></span> <span class='ocrx_word' id='word_1_28' title='bbox 761 1265 970 1339; x_wconf 77' lang='lat' dir='ltr'><strong>coaedificari</strong></span> <span class='ocrx_word' id='word_1_29' title='bbox 988 1267 1026 1339; x_wconf 93' lang='lat' dir='ltr'><strong>in</strong></span> <span class='ocrx_word' id='word_1_30' title='bbox 1040 1264 1286 1339; x_wconf 86' lang='lat' dir='ltr'><strong>habitaculum</strong></span> <span class='ocrx_word' id='word_1_31' title='bbox 1300 1266 1366 1339; x_wconf 90' lang='lat' dir='ltr'><strong>Dei</strong></span> <span class='ocrx_word' id='word_1_32' title='bbox 1386 1266 1424 1339; x_wconf 92' lang='lat' dir='ltr'><strong>in</strong></span> <span class='ocrx_word' id='word_1_33' title='bbox 1437 1266 1588 1365; x_wconf 87' lang='lat' dir='ltr'><strong>Spiritu</strong></span> 
     </span>
     <span class='ocr_line' id='line_1_6' title="bbox 515 1384 857 1458; baseline -0.012 0"><span class='ocrx_word' id='word_1_34' title='bbox 515 1400 637 1458; x_wconf 90' lang='lat' dir='ltr'><strong>sancto</strong></span> <span class='ocrx_word' id='word_1_35' title='bbox 651 1384 857 1458; x_wconf 86' lang='lat' dir='ltr'><strong>edocemur.</strong></span> 
     </span>
     <span class='ocr_line' id='line_1_7' title="bbox 563 1496 1587 1597; baseline -0.003 -24"><span class='ocrx_word' id='word_1_36' title='bbox 563 1507 698 1573; x_wconf 90' lang='lat' dir='ltr'><strong>lnterea</strong></span> <span class='ocrx_word' id='word_1_37' title='bbox 708 1497 884 1597; x_wconf 91' lang='lat' dir='ltr'><strong>siquidem</strong></span> <span class='ocrx_word' id='word_1_38' title='bbox 894 1498 1118 1597; x_wconf 91' lang='lat' dir='ltr'><strong>potissimum</strong></span> <span class='ocrx_word' id='word_1_39' title='bbox 1131 1498 1177 1570; x_wconf 90' lang='lat' dir='ltr'><strong>de</strong></span> <span class='ocrx_word' id='word_1_40' title='bbox 1189 1496 1422 1571; x_wconf 91' lang='lat' dir='ltr'><strong>dominorum</strong></span> <span class='ocrx_word' id='word_1_41' title='bbox 1435 1513 1587 1570; x_wconf 73' lang='lat' dir='ltr'><strong>nostro</strong></span> 
     </span>
     <span class='ocr_line' id='line_1_8' title="bbox 514 1612 1583 1710; baseline -0.003 -22"><span class='ocrx_word' id='word_1_42' title='bbox 514 1641 596 1689; x_wconf 90' lang='lat' dir='ltr'><strong>rum</strong></span> <span class='ocrx_word' id='word_1_43' title='bbox 626 1614 928 1687; x_wconf 89' lang='lat' dir='ltr'><strong>sanctissimorum</strong></span> <span class='ocrx_word' id='word_1_44' title='bbox 955 1615 1151 1710; x_wconf 80' lang='lat' dir='ltr'><strong>Martyrum</strong></span> <span class='ocrx_word' id='word_1_45' title='bbox 1177 1626 1212 1684; x_wconf 89' lang='lat' dir='ltr'><strong>et</strong></span> <span class='ocrx_word' id='word_1_46' title='bbox 1245 1612 1399 1685; x_wconf 89' lang='lat' dir='ltr'><strong>aliorum</strong></span> <span class='ocrx_word' id='word_1_47' title='bbox 1431 1626 1583 1685; x_wconf 88' lang='lat' dir='ltr'><strong>sancto-</strong></span> 
     </span>
     <span class='ocr_line' id='line_1_9' title="bbox 513 1727 1586 1829; baseline -0.004 -25"><span class='ocrx_word' id='word_1_48' title='bbox 513 1757 614 1825; x_wconf 89' lang='lat' dir='ltr'><strong>rum,</strong></span> <span class='ocrx_word' id='word_1_49' title='bbox 646 1731 708 1829; x_wconf 93' lang='lat' dir='ltr'><strong>qui</strong></span> <span class='ocrx_word' id='word_1_50' title='bbox 738 1756 802 1829; x_wconf 89' lang='lat' dir='ltr'><strong>per</strong></span> <span class='ocrx_word' id='word_1_51' title='bbox 831 1729 1015 1802; x_wconf 91' lang='lat' dir='ltr'><strong>ecclesiam</strong></span> <span class='ocrx_word' id='word_1_52' title='bbox 1044 1728 1156 1826; x_wconf 88' lang='lat' dir='ltr'><strong>sparsi</strong></span> <span class='ocrx_word' id='word_1_53' title='bbox 1189 1727 1337 1802; x_wconf 90' lang='lat' dir='ltr'><strong>diversis</strong></span> <span class='ocrx_word' id='word_1_54' title='bbox 1364 1728 1586 1801; x_wconf 82' lang='lat' dir='ltr'><strong>colebantur</strong></span> 
     </span>
     <span class='ocr_line' id='line_1_10' title="bbox 515 1842 1583 1939; baseline -0.005 -19"><span class='ocrx_word' id='word_1_55' title='bbox 515 1846 693 1939; x_wconf 89' lang='lat' dir='ltr'><strong>oratoriis,</strong></span> <span class='ocrx_word' id='word_1_56' title='bbox 723 1844 954 1918; x_wconf 89' lang='lat' dir='ltr'><strong>translatione</strong></span> <span class='ocrx_word' id='word_1_57' title='bbox 987 1842 1141 1932; x_wconf 82' lang='lat' dir='ltr'><strong>solliciti,</strong></span> <span class='ocrx_word' id='word_1_58' title='bbox 1175 1844 1424 1916; x_wconf 85' lang='lat' dir='ltr'><strong>sacratissimas</strong></span> <span class='ocrx_word' id='word_1_59' title='bbox 1446 1868 1583 1918; x_wconf 87' lang='lat' dir='ltr'><strong>eorum</strong></span> 
     </span>
     <span class='ocr_line' id='line_1_11' title="bbox 513 1959 1583 2060; baseline 0 -27"><span class='ocrx_word' id='word_1_60' title='bbox 513 1962 667 2053; x_wconf 88' lang='lat' dir='ltr'><strong>lecticas,</strong></span> <span class='ocrx_word' id='word_1_61' title='bbox 698 1962 877 2060; x_wconf 81' lang='lat' dir='ltr'><strong>praecipue</strong></span> <span class='ocrx_word' id='word_1_62' title='bbox 904 1959 1158 2049; x_wconf 89' lang='lat' dir='ltr'><strong>dominorum,</strong></span> <span class='ocrx_word' id='word_1_63' title='bbox 1186 1973 1355 2032; x_wconf 89' lang='lat' dir='ltr'><strong>ornatum</strong></span> <span class='ocrx_word' id='word_1_64' title='bbox 1381 1961 1425 2032; x_wconf 91' lang='lat' dir='ltr'><strong>iri</strong></span> <span class='ocrx_word' id='word_1_65' title='bbox 1454 1960 1583 2033; x_wconf 84' lang='lat' dir='ltr'><strong>votive</strong></span> 
     </span>
     <span class='ocr_line' id='line_1_12' title="bbox 512 2074 1583 2172; baseline -0.002 -23"><span class='ocrx_word' id='word_1_66' title='bbox 512 2078 782 2165; x_wconf 82' lang='lat' dir='ltr'><strong>animabamur3</strong></span> <span class='ocrx_word' id='word_1_67' title='bbox 801 2090 836 2149; x_wconf 93' lang='lat' dir='ltr'><strong>et</strong></span> <span class='ocrx_word' id='word_1_68' title='bbox 856 2076 920 2147; x_wconf 91' lang='lat' dir='ltr'><strong>ubi</strong></span> <span class='ocrx_word' id='word_1_69' title='bbox 936 2074 1124 2172; x_wconf 85' lang='lat' dir='ltr'><strong>gloriosius</strong></span> <span class='ocrx_word' id='word_1_70' title='bbox 1150 2074 1422 2147; x_wconf 82' lang='lat' dir='ltr'><strong>adventantium</strong></span> <span class='ocrx_word' id='word_1_71' title='bbox 1439 2074 1583 2149; x_wconf 89' lang='lat' dir='ltr'><strong>obtuti-</strong></span> 
     </span>
     <span class='ocr_line' id='line_1_13' title="bbox 512 2188 1582 2291; baseline -0.003 -26"><span class='ocrx_word' id='word_1_72' title='bbox 512 2192 580 2265; x_wconf 88' lang='lat' dir='ltr'><strong>bus</strong></span> <span class='ocrx_word' id='word_1_73' title='bbox 606 2208 641 2265; x_wconf 87' lang='lat' dir='ltr'><strong>et</strong></span> <span class='ocrx_word' id='word_1_74' title='bbox 664 2190 939 2291; x_wconf 90' lang='lat' dir='ltr'><strong>conspicabilius</strong></span> <span class='ocrx_word' id='word_1_75' title='bbox 961 2188 1242 2263; x_wconf 87' lang='lat' dir='ltr'><strong>transferrentur</strong></span> <span class='ocrx_word' id='word_1_76' title='bbox 1265 2190 1452 2285; x_wconf 85' lang='lat' dir='ltr'><strong>eligentes,</strong></span> <span class='ocrx_word' id='word_1_77' title='bbox 1483 2192 1582 2263; x_wconf 80' lang='lat' dir='ltr'><strong>ami·</strong></span> 
     </span>
     <span class='ocr_line' id='line_1_14' title="bbox 513 2303 1581 2403; baseline 0 -24"><span class='ocrx_word' id='word_1_78' title='bbox 513 2308 695 2381; x_wconf 90' lang='lat' dir='ltr'><strong>fabrorum</strong></span> <span class='ocrx_word' id='word_1_79' title='bbox 717 2305 867 2402; x_wconf 87' lang='lat' dir='ltr'><strong>eleganti</strong></span> <span class='ocrx_word' id='word_1_80' title='bbox 880 2307 954 2380; x_wconf 88' lang='lat' dir='ltr'><strong>sive</strong></span> <span class='ocrx_word' id='word_1_81' title='bbox 975 2305 1062 2378; x_wconf 88' lang='lat' dir='ltr'><strong>artis</strong></span> <span class='ocrx_word' id='word_1_82' title='bbox 1080 2303 1267 2397; x_wconf 88' lang='lat' dir='ltr'><strong>industria,</strong></span> <span class='ocrx_word' id='word_1_83' title='bbox 1290 2306 1363 2378; x_wconf 89' lang='lat' dir='ltr'><strong>sive</strong></span> <span class='ocrx_word' id='word_1_84' title='bbox 1378 2308 1456 2379; x_wconf 91' lang='lat' dir='ltr'><strong>anri</strong></span> <span class='ocrx_word' id='word_1_85' title='bbox 1474 2331 1581 2403; x_wconf 90' lang='lat' dir='ltr'><strong>gem·</strong></span> 
     </span>
     <span class='ocr_line' id='line_1_15' title="bbox 510 2418 1579 2521; baseline 0.001 -26"><span class='ocrx_word' id='word_1_86' title='bbox 510 2446 725 2521; x_wconf 80' lang='lat' dir='ltr'><strong>merumque</strong></span> <span class='ocrx_word' id='word_1_87' title='bbox 754 2422 995 2521; x_wconf 90' lang='lat' dir='ltr'><strong>pretiosarum</strong></span> <span class='ocrx_word' id='word_1_88' title='bbox 1018 2420 1123 2518; x_wconf 89' lang='lat' dir='ltr'><strong>copia</strong></span> <span class='ocrx_word' id='word_1_89' title='bbox 1147 2418 1341 2493; x_wconf 86' lang='lat' dir='ltr'><strong>illustrem&#39;</strong></span> <span class='ocrx_word' id='word_1_90' title='bbox 1363 2421 1470 2495; x_wconf 90' lang='lat' dir='ltr'><strong>valde</strong></span> <span class='ocrx_word' id='word_1_91' title='bbox 1499 2422 1579 2496; x_wconf 87' lang='lat' dir='ltr'><strong>fieri</strong></span> 
     </span>
     <span class='ocr_line' id='line_1_16' title="bbox 510 2535 1580 2636; baseline 0 -25"><span class='ocrx_word' id='word_1_92' title='bbox 510 2544 587 2611; x_wconf 89' lang='lat' dir='ltr'><strong>Deo</strong></span> <span class='ocrx_word' id='word_1_93' title='bbox 603 2552 819 2636; x_wconf 87' lang='lat' dir='ltr'><strong>cooperante</strong></span> <span class='ocrx_word' id='word_1_94' title='bbox 833 2536 1107 2609; x_wconf 88' lang='lat' dir='ltr'><strong>elaboravimus.</strong></span> <span class='ocrx_word' id='word_1_95' title='bbox 1133 2540 1177 2608; x_wconf 87' lang='lat' dir='ltr'><strong>Et</strong></span> <span class='ocrx_word' id='word_1_96' title='bbox 1195 2535 1325 2609; x_wconf 78' lang='lat' dir='ltr'><strong>deforis</strong></span> <span class='ocrx_word' id='word_1_97' title='bbox 1347 2538 1498 2636; x_wconf 90' lang='lat' dir='ltr'><strong>quidem</strong></span> <span class='ocrx_word' id='word_1_98' title='bbox 1521 2538 1580 2611; x_wconf 88' lang='lat' dir='ltr'><strong>bis</strong></span> 
     </span>
     <span class='ocr_line' id='line_1_17' title="bbox 509 2650 1579 2752; baseline 0 -25"><span class='ocrx_word' id='word_1_99' title='bbox 509 2670 545 2727; x_wconf 92' lang='lat' dir='ltr'><strong>et</strong></span> <span class='ocrx_word' id='word_1_100' title='bbox 560 2652 768 2752; x_wconf 86' lang='lat' dir='ltr'><strong>hujusmodi</strong></span> <span class='ocrx_word' id='word_1_101' title='bbox 787 2677 855 2752; x_wconf 94' lang='lat' dir='ltr'><strong>pro</strong></span> <span class='ocrx_word' id='word_1_102' title='bbox 878 2667 1006 2724; x_wconf 89' lang='lat' dir='ltr'><strong>ornatu</strong></span> <span class='ocrx_word' id='word_1_103' title='bbox 1022 2650 1273 2751; x_wconf 90' lang='lat' dir='ltr'><strong>nobilem,pro</strong></span> <span class='ocrx_word' id='word_1_104' title='bbox 1283 2668 1362 2725; x_wconf 93' lang='lat' dir='ltr'><strong>tuto</strong></span> <span class='ocrx_word' id='word_1_105' title='bbox 1377 2678 1466 2727; x_wconf 88' lang='lat' dir='ltr'><strong>vero</strong></span> <span class='ocrx_word' id='word_1_106' title='bbox 1477 2655 1579 2728; x_wconf 89' lang='lat' dir='ltr'><strong>intus</strong></span> 
     </span>
     <span class='ocr_line' id='line_1_18' title="bbox 507 2765 1578 2866; baseline 0.004 -27"><span class='ocrx_word' id='word_1_107' title='bbox 507 2768 785 2841; x_wconf 85' lang='lat' dir='ltr'><strong>fortissimorum</strong></span> <span class='ocrx_word' id='word_1_108' title='bbox 803 2765 964 2866; x_wconf 87' lang='lat' dir='ltr'><strong>lapidum</strong></span> <span class='ocrx_word' id='word_1_109' title='bbox 988 2792 1094 2840; x_wconf 91' lang='lat' dir='ltr'><strong>muro</strong></span> <span class='ocrx_word' id='word_1_110' title='bbox 1116 2791 1190 2839; x_wconf 93' lang='lat' dir='ltr'><strong>non</strong></span> <span class='ocrx_word' id='word_1_111' title='bbox 1211 2767 1405 2865; x_wconf 90' lang='lat' dir='ltr'><strong>ignobilem</strong></span> <span class='ocrx_word' id='word_1_112' title='bbox 1419 2772 1578 2843; x_wconf 90' lang='lat' dir='ltr'><strong>circum-</strong></span> 
     </span>
     <span class='ocr_line' id='line_1_19' title="bbox 508 2884 1578 2983; baseline 0.002 -28"><span class='ocrx_word' id='word_1_113' title='bbox 508 2909 651 2983; x_wconf 89' lang='lat' dir='ltr'><strong>quaque</strong></span> <span class='ocrx_word' id='word_1_114' title='bbox 672 2884 805 2956; x_wconf 90' lang='lat' dir='ltr'><strong>muniri</strong></span> <span class='ocrx_word' id='word_1_115' title='bbox 817 2912 827 2973; x_wconf 89' lang='lat'>;</span> <span class='ocrx_word' id='word_1_116' title='bbox 848 2896 945 2955; x_wconf 85' lang='lat' dir='ltr'><strong>extra</strong></span> <span class='ocrx_word' id='word_1_117' title='bbox 963 2906 1047 2957; x_wconf 90' lang='lat' dir='ltr'><strong>vero</strong></span> <span class='ocrx_word' id='word_1_118' title='bbox 1072 2898 1231 2974; x_wconf 87' lang='lat' dir='ltr'><strong>econtra,</strong></span> <span class='ocrx_word' id='word_1_119' title='bbox 1250 2909 1297 2957; x_wconf 92' lang='lat' dir='ltr'><strong>ue</strong></span> <span class='ocrx_word' id='word_1_120' title='bbox 1318 2884 1483 2983; x_wconf 89' lang='lat' dir='ltr'><strong>lapidum</strong></span> <span class='ocrx_word' id='word_1_121' title='bbox 1501 2912 1578 2959; x_wconf 89' lang='lat' dir='ltr'><strong>ma·</strong></span> 
     </span>
     <span class='ocr_line' id='line_1_20' title="bbox 484 2999 1575 3100; baseline 0.002 -28"><span class='ocrx_word' id='word_1_122' title='bbox 484 3002 596 3072; x_wconf 89' lang='lat' dir='ltr'><strong>-teria</strong></span> <span class='ocrx_word' id='word_1_123' title='bbox 627 3000 878 3099; x_wconf 89' lang='lat' dir='ltr'><strong>apparentium</strong></span> <span class='ocrx_word' id='word_1_124' title='bbox 916 2999 1016 3072; x_wconf 89' lang='lat' dir='ltr'><strong>locus</strong></span> <span class='ocrx_word' id='word_1_125' title='bbox 1042 2999 1240 3091; x_wconf 84' lang='lat' dir='ltr'><strong>vilesceret,</strong></span> <span class='ocrx_word' id='word_1_126' title='bbox 1271 3002 1412 3100; x_wconf 91' lang='lat' dir='ltr'><strong>cupreis</strong></span> <span class='ocrx_word' id='word_1_127' title='bbox 1438 3002 1575 3075; x_wconf 82' lang='lat' dir='ltr'><strong>tabulis</strong></span> 
     </span>
     <span class='ocr_line' id='line_1_21' title="bbox 508 3112 1575 3207; baseline 0.005 -21"><span class='ocrx_word' id='word_1_128' title='bbox 508 3113 671 3186; x_wconf 84' lang='lat' dir='ltr'><strong>fusilibus</strong></span> <span class='ocrx_word' id='word_1_129' title='bbox 687 3127 723 3185; x_wconf 91' lang='lat' dir='ltr'><strong>et</strong></span> <span class='ocrx_word' id='word_1_130' title='bbox 739 3113 915 3186; x_wconf 90' lang='lat' dir='ltr'><strong>deauratis</strong></span> <span class='ocrx_word' id='word_1_131' title='bbox 931 3112 1108 3207; x_wconf 87' lang='lat' dir='ltr'><strong>decorari,</strong></span> <span class='ocrx_word' id='word_1_132' title='bbox 1125 3139 1199 3185; x_wconf 91' lang='lat' dir='ltr'><strong>non</strong></span> <span class='ocrx_word' id='word_1_133' title='bbox 1216 3128 1335 3187; x_wconf 87' lang='lat' dir='ltr'><strong>tamen</strong></span> <span class='ocrx_word' id='word_1_134' title='bbox 1355 3118 1445 3190; x_wconf 87' lang='lat' dir='ltr'><strong>sicut</strong></span> <span class='ocrx_word' id='word_1_135' title='bbox 1463 3118 1575 3191; x_wconf 87' lang='lat' dir='ltr'><strong>dece·</strong></span> 
     </span>
     <span class='ocr_line' id='line_1_22' title="bbox 507 3229 1574 3332; baseline 0.005 -31"><span class='ocrx_word' id='word_1_136' title='bbox 507 3246 581 3321; x_wconf 89' lang='lat' dir='ltr'><strong>ret,</strong></span> <span class='ocrx_word' id='word_1_137' title='bbox 613 3230 902 3329; x_wconf 79' lang='lat' dir='ltr'><strong>praeparavimus.</strong></span> <span class='ocrx_word' id='word_1_138' title='bbox 933 3229 1050 3325; x_wconf 80' lang='lat' dir='ltr'><strong>Exigit</strong></span> <span class='ocrx_word' id='word_1_139' title='bbox 1081 3230 1178 3301; x_wconf 91' lang='lat' dir='ltr'><strong>enim</strong></span> <span class='ocrx_word' id='word_1_140' title='bbox 1211 3244 1394 3304; x_wconf 87' lang='lat' dir='ltr'><strong>tantorum</strong></span> <span class='ocrx_word' id='word_1_141' title='bbox 1424 3249 1574 3332; x_wconf 88' lang='lat' dir='ltr'><strong>patrum</strong></span> 
     </span>
     <span class='ocr_line' id='line_1_23' title="bbox 403 3343 1574 3449; baseline 0.008 -33"><span class='ocrx_word' id='word_1_142' title='bbox 403 3390 410 3405; x_wconf 87' lang='lat'><strong>·</strong></span> <span class='ocrx_word' id='word_1_143' title='bbox 508 3360 653 3443; x_wconf 79' lang='lat' dir='ltr'><strong>experta</strong></span> <span class='ocrx_word' id='word_1_144' title='bbox 669 3344 773 3418; x_wconf 87' lang='lat' dir='ltr'><strong>nobis</strong></span> <span class='ocrx_word' id='word_1_145' title='bbox 793 3360 828 3418; x_wconf 89' lang='lat' dir='ltr'><strong>et</strong></span> <span class='ocrx_word' id='word_1_146' title='bbox 851 3343 1020 3417; x_wconf 91' lang='lat' dir='ltr'><strong>omnibus</strong></span> <span class='ocrx_word' id='word_1_147' title='bbox 1041 3346 1317 3442; x_wconf 91' lang='lat' dir='ltr'><strong>magnificentia,</strong></span> <span class='ocrx_word' id='word_1_148' title='bbox 1345 3365 1385 3422; x_wconf 88' lang='lat' dir='ltr'><strong>ut</strong></span> <span class='ocrx_word' id='word_1_149' title='bbox 1411 3376 1574 3449; x_wconf 85' lang='lat' dir='ltr'><strong>quorum</strong></span> 
     </span>
     <span class='ocr_line' id='line_1_24' title="bbox 506 3460 1574 3564; baseline 0.008 -33"><span class='ocrx_word' id='word_1_150' title='bbox 506 3460 701 3533; x_wconf 88' lang='lat' dir='ltr'><strong>venerandi</strong></span> <span class='ocrx_word' id='word_1_151' title='bbox 711 3460 853 3559; x_wconf 90' lang='lat' dir='ltr'><strong>spiritus</strong></span> <span class='ocrx_word' id='word_1_152' title='bbox 864 3464 941 3533; x_wconf 91' lang='lat' dir='ltr'><strong>Deo</strong></span> <span class='ocrx_word' id='word_1_153' title='bbox 954 3462 1192 3560; x_wconf 92' lang='lat' dir='ltr'><strong>omnipotenti</strong></span> <span class='ocrx_word' id='word_1_154' title='bbox 1209 3464 1300 3537; x_wconf 88' lang='lat' dir='ltr'><strong>sicut</strong></span> <span class='ocrx_word' id='word_1_155' title='bbox 1316 3465 1371 3538; x_wconf 92' lang='lat' dir='ltr'><strong>sol</strong></span> <span class='ocrx_word' id='word_1_156' title='bbox 1396 3466 1574 3564; x_wconf 88' lang='lat' dir='ltr'><strong>fulgentes</strong></span> 
     </span>
     <span class='ocr_line' id='line_1_25' title="bbox 507 3576 1574 3679; baseline 0.011 -33"><span class='ocrx_word' id='word_1_157' title='bbox 507 3576 691 3666; x_wconf 85' lang='lat' dir='ltr'><strong>assistunt,</strong></span> <span class='ocrx_word' id='word_1_158' title='bbox 706 3601 773 3648; x_wconf 92' lang='lat' dir='ltr'><strong>nos</strong></span> <span class='ocrx_word' id='word_1_159' title='bbox 789 3577 993 3669; x_wconf 90' lang='lat' dir='ltr'><strong>miserrimi,</strong></span> <span class='ocrx_word' id='word_1_160' title='bbox 1007 3579 1070 3675; x_wconf 93' lang='lat' dir='ltr'><strong>qui</strong></span> <span class='ocrx_word' id='word_1_161' title='bbox 1085 3603 1212 3651; x_wconf 90' lang='lat' dir='ltr'><strong>eorum</strong></span> <span class='ocrx_word' id='word_1_162' title='bbox 1226 3582 1424 3679; x_wconf 89' lang='lat' dir='ltr'><strong>patrocinia</strong></span> <span class='ocrx_word' id='word_1_163' title='bbox 1439 3599 1476 3655; x_wconf 92' lang='lat' dir='ltr'><strong>et</strong></span> <span class='ocrx_word' id='word_1_164' title='bbox 1489 3608 1574 3657; x_wconf 89' lang='lat' dir='ltr'><strong>sen·</strong></span> 
     </span>
     <span class='ocr_line' id='line_1_26' title="bbox 506 3690 1571 3798; baseline 0.01 -37"><span class='ocrx_word' id='word_1_165' title='bbox 506 3692 661 3763; x_wconf 90' lang='lat' dir='ltr'><strong>timuset</strong></span> <span class='ocrx_word' id='word_1_166' title='bbox 675 3690 889 3787; x_wconf 90' lang='lat' dir='ltr'><strong>indigemus,</strong></span> <span class='ocrx_word' id='word_1_167' title='bbox 903 3693 1157 3765; x_wconf 89' lang='lat' dir='ltr'><strong>sacratissimos</strong></span> <span class='ocrx_word' id='word_1_168' title='bbox 1174 3696 1312 3768; x_wconf 91' lang='lat' dir='ltr'><strong>cineres</strong></span> <span class='ocrx_word' id='word_1_169' title='bbox 1337 3720 1465 3771; x_wconf 91' lang='lat' dir='ltr'><strong>eorum</strong></span> <span class='ocrx_word' id='word_1_170' title='bbox 1485 3724 1571 3798; x_wconf 90' lang='lat' dir='ltr'><strong>pre·</strong></span> 
     </span>
     <span class='ocr_line' id='line_1_27' title="bbox 508 3805 1567 3907; baseline 0.011 -31"><span class='ocrx_word' id='word_1_171' title='bbox 508 3805 643 3877; x_wconf 87' lang='lat' dir='ltr'><strong>tiosiovi</strong></span> <span class='ocrx_word' id='word_1_172' title='bbox 659 3831 728 3902; x_wconf 92' lang='lat' dir='ltr'><strong>qua</strong></span> <span class='ocrx_word' id='word_1_173' title='bbox 745 3831 931 3905; x_wconf 91' lang='lat' dir='ltr'><strong>possemus</strong></span> <span class='ocrx_word' id='word_1_174' title='bbox 949 3809 1109 3899; x_wconf 87' lang='lat' dir='ltr'><strong>materia,</strong></span> <span class='ocrx_word' id='word_1_175' title='bbox 1124 3809 1289 3884; x_wconf 90' lang='lat' dir='ltr'><strong>videlicet</strong></span> <span class='ocrx_word' id='word_1_176' title='bbox 1309 3837 1400 3886; x_wconf 91' lang='lat' dir='ltr'><strong>auro</strong></span> <span class='ocrx_word' id='word_1_177' title='bbox 1424 3813 1567 3907; x_wconf 87' lang='lat' dir='ltr'><strong>obrizo,</strong></span> 
     </span>
     <span class='ocr_line' id='line_1_28' title="bbox 503 3920 1568 4025; baseline 0.011 -34"><span class='ocrx_word' id='word_1_178' title='bbox 503 3920 759 4016; x_wconf 89' lang='lat' dir='ltr'><strong>jacintborum,</strong></span> <span class='ocrx_word' id='word_1_179' title='bbox 778 3935 814 3992; x_wconf 90' lang='lat' dir='ltr'><strong>et</strong></span> <span class='ocrx_word' id='word_1_180' title='bbox 826 3922 1104 4018; x_wconf 86' lang='lat' dir='ltr'><strong>smaragdinum,</strong></span> <span class='ocrx_word' id='word_1_181' title='bbox 1117 3939 1153 3997; x_wconf 90' lang='lat' dir='ltr'><strong>et</strong></span> <span class='ocrx_word' id='word_1_182' title='bbox 1168 3926 1319 3999; x_wconf 87' lang='lat' dir='ltr'><strong>aliarum</strong></span> <span class='ocrx_word' id='word_1_183' title='bbox 1344 3954 1568 4025; x_wconf 87' lang='lat' dir='ltr'><strong>gemmarum</strong></span> 
     </span>
     <span class='ocr_line' id='line_1_29' title="bbox 507 4036 1569 4139; baseline 0.015 -35"><span class='ocrx_word' id='word_1_184' title='bbox 507 4036 609 4133; x_wconf 91' lang='lat' dir='ltr'><strong>copia</strong></span> <span class='ocrx_word' id='word_1_185' title='bbox 623 4059 737 4134; x_wconf 84' lang='lat' dir='ltr'><strong>operae</strong></span> <span class='ocrx_word' id='word_1_186' title='bbox 751 4037 905 4135; x_wconf 92' lang='lat' dir='ltr'><strong>pretium</strong></span> <span class='ocrx_word' id='word_1_187' title='bbox 918 4037 1049 4137; x_wconf 86' lang='lat' dir='ltr'><strong>liquct⁸</strong></span> <span class='ocrx_word' id='word_1_188' title='bbox 1061 4041 1206 4139; x_wconf 89' lang='lat' dir='ltr'><strong>operiri.</strong></span> <span class='ocrx_word' id='word_1_189' title='bbox 1224 4046 1303 4115; x_wconf 91' lang='lat' dir='ltr'><strong>Hoc</strong></span> <span class='ocrx_word' id='word_1_190' title='bbox 1317 4060 1440 4117; x_wconf 90' lang='lat' dir='ltr'><strong>autem</strong></span> <span class='ocrx_word' id='word_1_191' title='bbox 1452 4071 1569 4119; x_wconf 92' lang='lat' dir='ltr'><strong>unum</strong></span> 
     </span>
     <span class='ocr_line' id='line_1_30' title="bbox 475 4150 1569 4255; baseline 0.014 -35"><span class='ocrx_word' id='word_1_192' title='bbox 475 4188 478 4193; x_wconf 93' lang='lat'>·</span> <span class='ocrx_word' id='word_1_193' title='bbox 507 4151 649 4246; x_wconf 81' lang='lat' dir='ltr'><strong>egregie</strong></span> <span class='ocrx_word' id='word_1_194' title='bbox 658 4150 733 4224; x_wconf 86' lang='lat' dir='ltr'><strong>fieri</strong></span> <span class='ocrx_word' id='word_1_195' title='bbox 746 4152 930 4248; x_wconf 91' lang='lat' dir='ltr'><strong>elegimus,</strong></span> <span class='ocrx_word' id='word_1_196' title='bbox 943 4168 983 4226; x_wconf 91' lang='lat' dir='ltr'><strong>ut</strong></span> <span class='ocrx_word' id='word_1_197' title='bbox 993 4168 1076 4227; x_wconf 89' lang='lat' dir='ltr'><strong>ante</strong></span> <span class='ocrx_word' id='word_1_198' title='bbox 1086 4180 1240 4255; x_wconf 89' lang='lat' dir='ltr'><strong>corpora</strong></span> <span class='ocrx_word' id='word_1_199' title='bbox 1250 4160 1464 4233; x_wconf 86' lang='lat' dir='ltr'><strong>Sanctorum</strong></span> <span class='ocrx_word' id='word_1_200' title='bbox 1478 4162 1569 4235; x_wconf 86' lang='lat' dir='ltr'><strong>cele·</strong></span> 
     </span>
    </p>
   </div>
   <div class='ocr_carea' id='block_1_3' title="bbox 547 4400 1563 4583">
    <p class='ocr_par' dir='ltr' id='par_1_3' title="bbox 547 4400 1563 4583">
     <span class='ocr_line' id='line_1_31' title="bbox 547 4400 1563 4492; baseline 0.013 -33"><span class='ocrx_word' id='word_1_201' title='bbox 547 4404 576 4459; x_wconf 86' lang='lat' dir='ltr'><strong>l.</strong></span> <span class='ocrx_word' id='word_1_202' title='bbox 591 4400 672 4461; x_wconf 87' lang='lat' dir='ltr'><strong>Pauli</strong></span> <span class='ocrx_word' id='word_1_203' title='bbox 689 4413 782 4482; x_wconf 88' lang='lat' dir='ltr'><strong>apost.</strong></span> <span class='ocrx_word' id='word_1_204' title='bbox 798 4402 836 4463; x_wconf 85' lang='lat' dir='ltr'><strong>ad</strong></span> <span class='ocrx_word' id='word_1_205' title='bbox 851 4402 968 4483; x_wconf 65' lang='lat' dir='ltr'><strong>Eplres„</strong></span> <span class='ocrx_word' id='word_1_206' title='bbox 982 4425 1014 4477; x_wconf 86' lang='lat' dir='ltr'><strong>n,</strong></span> <span class='ocrx_word' id='word_1_207' title='bbox 1034 4408 1080 4466; x_wconf 80' lang='lat' dir='ltr'><strong>ta.</strong></span> <span class='ocrx_word' id='word_1_208' title='bbox 1094 4438 1134 4453; x_wconf 92' lang='grc'><strong>-</strong></span> <span class='ocrx_word' id='word_1_209' title='bbox 1150 4411 1181 4468; x_wconf 81' lang='lat'><strong>2.</strong></span> <span class='ocrx_word' id='word_1_210' title='bbox 1199 4408 1308 4489; x_wconf 86' lang='lat' dir='ltr'><strong>Supple</strong></span> <span class='ocrx_word' id='word_1_211' title='bbox 1318 4430 1401 4468; x_wconf 84' lang='lat' dir='ltr'><strong>aram</strong></span> <span class='ocrx_word' id='word_1_212' title='bbox 1417 4411 1563 4492; x_wconf 60' lang='grc' dir='ltr'><strong>(Βακὰ).</strong></span> 
     </span>
     <span class='ocr_line' id='line_1_32' title="bbox 547 4494 1085 4583; baseline 0.013 -30"><span class='ocrx_word' id='word_1_213' title='bbox 547 4497 576 4555; x_wconf 87' lang='grc'><strong>3.</strong></span> <span class='ocrx_word' id='word_1_214' title='bbox 592 4496 676 4583; x_wconf 70' lang='lat' dir='ltr'><strong>Forte</strong></span> <span class='ocrx_word' id='word_1_215' title='bbox 684 4499 770 4555; x_wconf 80' lang='lat' dir='ltr'><strong>liceat</strong></span> <span class='ocrx_word' id='word_1_216' title='bbox 782 4494 923 4557; x_wconf 70' lang='lat' dir='ltr'><strong>reluceat</strong></span> <span class='ocrx_word' id='word_1_217' title='bbox 938 4498 1085 4579; x_wconf 68' lang='lat' dir='ltr'><strong>(bened).</strong></span> 
     </span>
    </p>
   </div>
   <div class='ocr_carea' id='block_1_4' title="bbox 0 0 1876 5667">
    <p class='ocr_par' dir='ltr' id='par_1_4' title="bbox 0 0 1876 5667">
     <span class='ocr_line' id='line_1_33' title="bbox 0 0 1876 5667; baseline 0 7"><span class='ocrx_word' id='word_1_218' title='bbox 0 0 1876 5667; x_wconf 95' lang='lat' dir='ltr'><strong> </strong></span> 
     </span>
    </p>
   </div>
  </div>
 </body>
</html>
