3742 5667
524 769 582 825 aaa
738 764 900 822 <novans
920 744 1135 822 conspires
1153 762 1203 819 nn
1223 758 1358 821 soora.

523 896 602 969 buit
615 895 855 995 primordium
873 894 930 967 hic
947 910 1077 968 motus.
1093 894 1174 967 Ille¹
1190 893 1343 992 pedibus
1361 910 1398 965 et
1412 887 1584 962 manibus

523 1025 644 1085 movet
665 1011 867 1104 ecclesiam3
899 1011 1071 1109 inquietat
1101 1026 1142 1082 ut
1166 1011 1396 1107 inquietetur,
1423 1006 1523 1107 pacis
1547 1021 1588 1079 et

522 1126 651 1225 quietis
674 1126 827 1223 ignarus.
855 1128 989 1197 Cantor
1016 1125 1177 1223 praelatus
1206 1124 1373 1221 injuriam
1398 1122 1586 1221 aliquanto

522 1242 674 1339 quietius
686 1242 875 1331 sustinens,
893 1255 966 1312 tam
980 1264 1045 1337 per
1057 1240 1245 1313 dominum
1262 1241 1471 1337 episcopum
1488 1238 1588 1308 Pari-

521 1358 672 1430 siensem
685 1380 795 1453 quam
809 1379 873 1454 per
888 1356 1083 1454 capitulum
1102 1356 1269 1445 ecclesiae,
1288 1370 1364 1427 tam
1380 1379 1445 1452 per
1462 1352 1587 1426 domi-

521 1502 607 1547 num
622 1473 964 1547 autissiodorensem
984 1499 1092 1572 quam
1113 1474 1416 1563 suessionensem,
1434 1496 1500 1569 per
1514 1497 1588 1543 nos

521 1593 627 1664 etiam
646 1605 681 1663 et
701 1614 766 1689 per
785 1588 871 1662 alios
887 1590 1020 1661 multos
1045 1588 1093 1661 ad
1118 1589 1291 1686 justitiam
1318 1588 1517 1661 faciendam
1546 1602 1587 1659 et

465 1734 468 1743 ·
520 1706 795 1806 suscipiendam,
813 1730 860 1777 ne
876 1705 1089 1778 indiscretus
1103 1703 1296 1797 videretur,
1311 1703 1441 1776 crebro
1458 1729 1495 1776 se
1511 1703 1587 1776 ol)-

520 1822 625 1896 tulit:
645 1838 680 1895 et
693 1822 902 1920 proniorem
915 1821 962 1893 ad
972 1822 1069 1920 pacis
1081 1820 1381 1919 compositionem
1392 1819 1587 1917 etjustitiae

520 1938 763 2011 executionem
782 1936 986 2010 audivimus
1002 1962 1085 2009 eum
1099 1938 1162 2034 qui
1175 1960 1297 2034 passus
1309 1951 1375 2025 est,
1394 1959 1504 2033 quam
1518 1935 1585 2033 qui

520 2054 603 2127 lecit
615 2052 793 2149 injuriam.
809 2056 879 2124 Nec
893 2053 964 2125 hoc
979 2052 1096 2124 solum
1110 2067 1173 2124 aut
1187 2054 1344 2151 primum
1358 2052 1494 2123 lactum
1510 2068 1584 2141 est,

518 2173 609 2266 quo¹
628 2169 861 2240 Parisiensem
884 2168 1068 2241 ecclesiam
1086 2167 1197 2240 modo
1221 2167 1441 2263 generaliter,
1467 2167 1586 2240 modo

518 2283 762 2383 personaliter,
788 2285 879 2357 sicut
895 2282 1148 2376 indiscretione
1169 2285 1319 2383 rapitur,
1342 2306 1470 2355 vexare
1489 2307 1584 2356 con·

520 2400 661 2472 suevit:
683 2423 762 2498 quae
785 2400 905 2471 omnia
927 2400 958 2470 si
982 2398 1198 2471 referrentur
1218 2398 1265 2470 ad
1287 2424 1365 2489 vos,
1396 2400 1584 2473 fastidium

520 2530 742 2613 generarent.

571 2631 707 2702 Placeat
728 2630 836 2726 igitur
860 2646 987 2703 sanctae
1012 2630 1212 2703 Patemitati
1240 2644 1376 2718 vestrae,
1400 2629 1584 2729 adquam

519 2746 639 2818 omnia
653 2760 787 2843 spectat
804 2746 995 2842 corrigere,
1017 2761 1168 2836 mutare,
1191 2769 1337 2817 movere
1356 2744 1466 2841 (oculi
1482 2750 1583 2819 enim

519 2864 676 2931 omnium
694 2863 731 2932 in
741 2878 773 2932 te
782 2879 944 2958 sperant,
960 2860 1100 2933 domine
1106 2862 1145 2954 ⁸),
1159 2860 1277 2932 taliter
1290 2860 1408 2933 eidem
1421 2862 1584 2935 ecclesiae

518 2975 723 3074 providere,
746 3000 791 3047 ne
810 2977 845 3047 in
865 2976 1009 3049 delectu
1031 2976 1156 3048 decani
1179 2977 1275 3047 intus
1299 2992 1336 3048 et
1359 2977 1443 3049 loris
1466 2978 1583 3077 depe·

519 3107 608 3183 reat,
627 3116 673 3163 ne
690 3090 820 3163 nobilis
839 3091 987 3164 ecclesia
1008 3092 1207 3164 Parisiensis
1224 3090 1355 3163 afflicta
1371 3089 1581 3187 degeneret,

518 3232 577 3296 ne,
602 3232 686 3279 cum
709 3231 781 3279 non
803 3222 983 3306 oporteat,
1017 3209 1082 3279 viri
1106 3206 1200 3280 illius
1220 3208 1405 3280 occasione
1425 3209 1582 3282 omnino
1707 3243 1708 3270 t

518 3321 684 3394 declinet.
708 3326 795 3395 Sero
823 3323 980 3396 fortassis
1007 3323 1083 3421 ejus
1108 3322 1324 3395 restitutioni
1346 3348 1498 3397 manum
1524 3350 1582 3397 re·

519 3436 671 3512 seretis‘.

558 3663 588 3719 l.
614 3662 674 3715 Hoc
701 3657 799 3715 lubuit
820 3659 1029 3735 primordium
1054 3658 1105 3714 loc
1129 3670 1218 3715 motus
1239 3660 1289 3716 tlte
1315 3654 1474 3716 anteriores
1503 3658 1577 3719 edd.

517 3746 732 3811 correctionem
769 3747 941 3828 adoptamus
973 3768 1060 3827 qnam
1093 3747 1273 3808 Benedictini
1303 3762 1520 3829 proposuerunt
1549 3751 1580 3809 iu

516 3840 757 3903 adnotationibus.

558 3942 586 4000 2.
603 3941 712 3997 Forsan
726 3943 793 4015 quin
809 3936 959 4019 (Bened.).
980 3971 1021 3984 -
1034 3942 1065 3999 3.
1088 3938 1194 3999 Psalm.
1208 3958 1304 4015 οων,
1322 3940 1367 3999 tt.

558 4033 586 4088 l.
603 4032 645 4087 Ex
657 4029 792 4106 chesnio,
805 4033 852 4107 tv,
865 4030 1181 4106 ala.-Butae0,11ue.
1194 4034 1440 4113 Untv.Parts.,ll,
1451 4036 1529 4094 248.
1538 4068 1577 4081 -

515 4130 618 4182 lterum
640 4128 808 4201 gallicurwn
830 4131 973 4202 scriptor„
990 4128 1055 4201 XV,
1082 4129 1149 4184 488.
1177 4129 1212 4184 ln
1236 4124 1338 4184 litteris
1360 4126 1398 4184 ad
1420 4128 1575 4205 sugerium

516 4218 639 4298 scriptis,
655 4226 735 4278 sexta
747 4220 796 4278 die
811 4219 937 4279 octobris
956 4238 1005 4278 an.
1025 4223 1102 4279 llll
1121 4219 1219 4292 (ibid,
1233 4220 1317 4299 lut),
1332 4221 1463 4299 promisit
1477 4226 1575 4301 Euge·

514 4311 580 4371 nius
597 4331 674 4391 papa
698 4312 765 4373 huic
785 4303 901 4391 negotio
919 4332 1038 4393 operam
1065 4312 1144 4373 dare.
1168 4318 1206 4371 At
1227 4313 1354 4373 nescitur
1379 4314 1450 4393 quid
1468 4318 1570 4397 postet

515 4402 716 4465 deliberaverit
735 4407 772 4465 de
793 4406 848 4467 istu
867 4408 989 4480 decano,
1014 4406 1064 4485 qui
1086 4405 1217 4467 Clemens
1239 4406 1397 4469 vorabatur
1418 4422 1448 4469 ct
1472 4409 1569 4469 adhuc

514 4496 640 4577 capitulo
653 4512 774 4579 praeerat
796 4520 872 4561 anno
892 4504 980 4575 ttot,
992 4511 1024 4559 ut
1033 4498 1172 4559 adnotant
1182 4498 1331 4561 Benedict.
1422 4579 1427 4587 Ι
