3742 5667
560 877 825 952 riuotonrons
846 895 1163 962 comsuronams.
1335 904 1394 962 trs

318 1019 480 1110 superius
504 1041 681 1114 praeparato
706 1049 796 1092 sacra
819 1027 954 1119 pignora
981 1029 1062 1096 laetis
1079 1055 1154 1097 oum
1177 1031 1315 1100 lacrimis
1337 1057 1393 1101 rc-

318 1122 534 1210 posuimns¹.
550 1126 709 1216 Denique,
725 1128 784 1195 Dei
799 1131 1012 1220 omnipotenti
1029 1132 1239 1222 inspiratione
1253 1151 1286 1201 et
1303 1137 1394 1227 ipso-

320 1246 403 1290 rum
426 1228 607 1318 Martyrum
625 1253 733 1296 amore
753 1247 866 1312 tactus,
889 1233 1071 1300 convocatis
1093 1235 1340 1328 archiepiscopis
1362 1255 1397 1304 et

321 1325 495 1421 episcopis
515 1331 569 1421 qui
587 1333 733 1412 aderant,
758 1351 791 1400 et
810 1334 908 1426 ipsius
931 1337 1070 1403 ecclesiae
1086 1339 1262 1404 venerabili
1278 1341 1397 1406 abbate

322 1431 503 1522 Suggerio,
525 1437 627 1501 amico
645 1453 677 1502 et
696 1437 846 1504 familiari
864 1455 990 1519 nostro,
1014 1440 1169 1530 quasdam
1189 1441 1400 1508 consuetudi-

322 1557 404 1614 nes,
425 1561 505 1626 quas
524 1539 559 1602 in
576 1538 767 1628 quibusdam
785 1541 865 1607 villis
882 1566 994 1608 corum
1011 1545 1263 1628 habebamus,...
1280 1561 1396 1610 contu-

325 1635 492 1706 limus...

376 1743 501 1808 Actum
518 1742 644 1832 publice
669 1744 819 1823 parisius,
842 1769 929 1812 anno
957 1748 998 1811 ab
1019 1745 1239 1814 incarnatione
1266 1749 1398 1816 Domini

325 1842 543 1928 MCXLIHP,
553 1847 644 1938 regni
657 1869 735 1915 vero
749 1847 850 1916 nostri
864 1848 955 1914 vttr
965 1871 975 1935 3
984 1867 1047 1916 etc.
1060 1849 1087 1915 ².

487 2221 536 2272 lV.
561 2222 690 2270 matun
709 2223 757 2272 DE
779 2224 883 2274 SUNT
897 2223 1060 2274 amant>
1082 2225 1130 2274 au
1150 2225 1249 2274 PAPE.

382 2485 612 2552 Amantissimo
624 2487 707 2577 patri
717 2504 749 2554 et
760 2488 891 2554 domino
907 2488 1064 2580 Eugenio‚
1079 2489 1140 2555 Dei
1157 2489 1259 2580 gratia
1272 2513 1399 2557 summo

333 2588 495 2680 pontifici,
510 2587 609 2655 frater
622 2590 801 2657 Bernardus
812 2589 1052 2658 Clarevallensis
1062 2609 1194 2659 vocatus
1204 2593 1316 2676 abbas,
1326 2617 1401 2660 mo-

335 2691 447 2758 dicum
466 2691 499 2756 id
512 2691 600 2781 quod
613 2708 673 2760 est.

383 2793 515 2884 siquod
528 2819 651 2885 magnac
668 2795 784 2862 domus
797 2796 904 2888 magni
916 2797 1012 2888 Regis
1024 2822 1079 2864 vas
1094 2797 1129 2864 in
1143 2799 1303 2866 honorem
1317 2801 1403 2892 apud

336 2914 482 2964 nostram
508 2897 647 2963 habetur
671 2897 835 2963 ecclesiam
864 2897 1071 2989 gallicanam,
1092 2899 1117 2965 si
1141 2900 1212 2989 quis
1242 2919 1278 2967 ut
1300 2901 1403 2969 David

336 2995 440 3063 fidelis
462 2998 504 3064 ad
527 2997 699 3090 imperium
720 3000 851 3067 Domini
869 3001 1053 3092 ingrediens
1071 3019 1104 3067 et
1125 3003 1307 3092 egrediens,
1327 3028 1402 3070 meo

336 3098 469 3188 quidem
485 3101 608 3190 judicio
630 3103 697 3193 ipsc
718 3119 766 3169 est
789 3102 977 3168 venerabilis
999 3104 1099 3169 abbas
1117 3103 1223 3170 Sancti
1243 3104 1402 3196 Dionysii.

336 3202 420 3268 Novi
443 3203 600 3295 siquidem
619 3207 742 3290 virum,
765 3205 853 3295 quod
872 3223 905 3270 et
928 3205 961 3270 in
986 3205 1217 3296 temporalibus
1246 3207 1349 3274 fidelis
1371 3224 1404 3275 et

336 3305 491 3397 prudens,
509 3310 590 3374 etin
612 3307 828 3398 spiritualibus
849 3308 975 3374 fervens
996 3325 1028 3374 et
1042 3307 1182 3389 humilis,
1206 3307 1241 3375 in
1258 3310 1402 3398 utrisque

341 3409 441 3498 (quod
454 3427 503 3477 est
513 3410 747 3498 difficillimum)
765 3414 833 3478 sine
851 3411 1102 3502 reprehensione
1126 3430 1287 3481 versetur.
1304 3411 1403 3501 Apud

338 3511 497 3580 Caesarem
510 3529 559 3579 est
578 3530 732 3604 tanquam
753 3538 836 3580 unus
853 3515 894 3580 de
912 3515 1000 3579 curia
1021 3537 1167 3593 romana,
1191 3513 1278 3604 apud
1297 3515 1403 3581 Deum

337 3629 490 3705 tanquam
499 3640 580 3682 unus
593 3615 634 3680 de
648 3615 827 3682 curiaooeli.
842 3616 983 3681 Petimus
996 3631 1027 3680 et
1045 3617 1249 3682 obsecramus
1263 3614 1402 3705 benigne

338 3741 357 3782 a
370 3718 462 3784 vobis
478 3717 592 3807 suscipi
613 3717 746 3783 nuncios
765 3717 846 3782 tanti
860 3717 931 3797 viri,
952 3733 995 3795 et,
1014 3715 1095 3782 sicut
1108 3739 1165 3783 vos
1177 3715 1271 3781 decet
1284 3730 1317 3780 et
1330 3716 1400 3806 ipse

338 3820 472 3884 omnino
484 3818 597 3909 dignus
612 3837 670 3898 cst,
688 3818 819 3885 rescribi
830 3818 859 3885 ci
871 3821 970 3885 verba
982 3821 1082 3897 bona,
1092 3819 1188 3884 verba
1203 3818 1396 3898 amicabilia,

338 3921 433 4012 plena
455 3921 676 3990 familiaritatis
698 3940 732 3989 et
750 3920 941 4008 dilectionis,
961 3921 1057 4012 plena
1084 3920 1202 3987 favoris
1223 3937 1256 3988 et
1274 3924 1397 4013 gratiae.

338 4025 502 4115 Siquidem
524 4026 689 4118 specialius
714 4027 846 4118 diligere
871 4041 904 4092 et
926 4025 1089 4091 honorare
1114 4048 1286 4115 personam
1314 4027 1395 4115 ejus,

338 4126 551 4196 honorificare
563 4148 612 4198 est
625 4131 834 4197 ministerium
846 4127 1020 4195 vestrum⁸.

381 4417 410 4472 l.
423 4416 459 4474 V.
477 4415 576 4494 sopra,
590 4420 637 4474 De
650 4419 857 4472 consecratione
870 4415 993 4470 ecclesia
1007 4414 1039 4471 S.
1054 4415 1201 4483 Dionysii,
1218 4429 1283 4489 cap.
1299 4430 1354 4471 vu.

379 4503 410 4560 2.
435 4501 543 4572 Tardis,
558 4507 739 4562 uranumems
750 4503 925 4577 historiques,
941 4511 974 4559 n·
986 4501 1056 4560 489.
1073 4497 1264 4572 -'Dublet.,
1278 4518 1309 4579 p.
1326 4500 1398 4559 868.

272 4637 273 4642 1
382 4591 410 4650 3,
425 4591 468 4648 llx
479 4587 614 4664 Chesnio,
629 4592 680 4662 IV,
693 4592 763 4649 493.
780 4621 820 4635 -
833 4592 900 4648 uer.
909 4591 1008 4666 gallie.
1020 4590 1133 4666 script,
1147 4589 1213 4663 XV,
1228 4589 1299 4650 483.
