3742 5667
464 798 514 855 nrt
534 798 583 855 m
601 782 884 856 consecuturos
903 798 954 856 mr
973 798 1220 861 suut-neuls.
1322 805 1381 864 ars

367 920 554 997 Justificati
564 923 671 1019 igitur
684 922 823 1018 exfide,
832 940 1052 1023 paccnostra
1066 928 1242 1022 interiori,
1251 954 1379 1003 secun·

318 1039 407 1113 dum
422 1038 645 1137 Apostolum,
662 1064 789 1139 pacem
805 1040 903 1141 apud
919 1046 1036 1115 Deum
1051 1041 1245 1139 habentes,
1264 1070 1379 1120 unum

318 1170 354 1229 et
368 1155 462 1228 inter
478 1154 612 1229 multos
628 1156 802 1253 singulare
813 1155 942 1229 divinae
958 1156 1128 1254 largitatis
1142 1158 1375 1253 beneficium,

317 1294 418 1345 more
438 1294 565 1345 eorum
578 1272 640 1371 qui
651 1271 698 1346 ad
714 1270 986 1369 gratificandum
1001 1275 1180 1373 impertita
1197 1275 1293 1349 dona
1308 1276 1376 1350 do-

317 1386 502 1459 natoribus
515 1388 588 1461 suis
603 1387 699 1461 ultro
714 1386 887 1480 referunt,
904 1388 943 1460 in
959 1388 1120 1463 medium
1138 1391 1377 1491 proferentes,

317 1501 510 1599 gloriosam
526 1518 563 1576 et
579 1502 725 1600 dignam
744 1518 874 1577 sanctae
900 1504 1007 1602 hujus
1021 1506 1176 1581 ecclesiae
1191 1532 1379 1582 consecra·

316 1618 465 1711 tionem,
490 1621 831 1719 pretiosissimorum
857 1636 1066 1695 nostrorum
1087 1622 1320 1697 dominorum
1343 1642 1381 1699 et

316 1736 564 1834 apostolorum
573 1739 748 1836 Dionysii,
762 1739 895 1811 Rustici
906 1738 1160 1831 etEleutherii,
1172 1754 1209 1813 et
1225 1740 1379 1815 aliorum

315 1868 524 1926 sanctorum
556 1879 714 1953 quorum
740 1869 911 1953 prompto
938 1855 1127 1929 innitimur
1150 1856 1376 1954 patrocinio,

315 1970 589 2043 sacratissimam
603 1970 871 2043 translationem
889 1970 936 2043 ad
948 1995 1195 2044 successorum
1213 1972 1378 2045 notitiam

314 2083 406 2183 stylo
431 2086 606 2183 assignare
628 2086 913 2181 elaboravimus;
932 2085 1067 2184 quade
1086 2111 1204 2177 causa,
1225 2112 1299 2185 quo
1316 2113 1377 2160 or·

315 2199 412 2294 dine,
428 2226 540 2301 quam
555 2203 776 2293 solemniter,
786 2200 916 2301 quibus
929 2202 1037 2275 etiam
1047 2203 1210 2300 personis
1221 2202 1378 2301 idipsum

312 2332 434 2391 actum
453 2319 500 2392 sit
524 2335 753 2419 reponentes,
775 2333 815 2391 ut
836 2335 873 2392 et
893 2318 1023 2393 divinae
1040 2319 1286 2418 propitiationi
1309 2344 1379 2418 pro

312 2446 413 2507 tanto
427 2459 579 2508 munere
596 2432 792 2533 condignas
807 2437 816 2473 ¹
835 2458 903 2533 pro
919 2458 1023 2532 posse
1042 2449 1166 2507 nostro
1182 2436 1378 2531 gratiarum

313 2545 473 2623 actiones
486 2550 693 2643 reseramus,
711 2566 748 2624 et
763 2564 971 2623 sanctorum
977 2566 1225 2650 protectorum
1233 2566 1377 2623 nostro-

314 2692 410 2757 rum,
431 2683 508 2741 tam
530 2692 598 2767 pro
619 2668 780 2769 impensa
808 2668 897 2741 tanti
924 2667 1043 2766 operis
1067 2693 1153 2742 cura
1177 2691 1287 2766 quam
1310 2692 1379 2767 pro

315 2797 420 2857 tante
452 2783 687 2857 solemnitatis
717 2784 971 2872 adnotatione,
997 2800 1241 2883 opportunam
1281 2785 1377 2884 apud

314 2904 432 2975 Deum
449 2901 677 2975 obtineamus
692 2902 997 2975 intercessionem.

361 3022 407 3090 Π.
431 3017 619 3091 Gloriosus
637 3034 675 3091 et
690 3018 847 3092 famosus
868 3042 929 3091 rex
944 3022 1165 3091 Francorum
1194 3017 1377 3113 Dagober·

314 3148 393 3225 tus,
416 3134 473 3205 vir·
495 3134 560 3207 etsi
582 3136 619 3206 in
640 3134 740 3230 regni
759 3132 1066 3207 administratione
1087 3133 1377 3230 magnanimitate

314 3250 411 3345 regia
441 3250 669 3349 conspicuus,
705 3249 940 3323 nibilominus
966 3265 1086 3323 tamen
1117 3248 1282 3321 Ecclesiae
1308 3249 1379 3323 Dei

315 3366 577 3458 devotus,cum
587 3366 634 3441 ad
652 3364 904 3439 declinandam
913 3366 1025 3466 patris
1040 3363 1376 3437 suiClothariiinto-

314 3481 501 3556 lerabilem
516 3484 606 3556 iram
622 3481 857 3556 Catulliacum
872 3482 994 3555 vicum
1006 3478 1212 3575 aufugisset,
1227 3494 1263 3552 et
1279 3503 1385 3559 sano,

313 3613 436 3671 torum
458 3602 656 3695 Martyrum
675 3597 814 3672 ibidem
829 3598 1090 3696 quiescentium
1114 3594 1248 3691 efligies
1270 3620 1378 3668 vene-

315 3716 458 3807 randas,
477 3730 647 3813 tanquam
666 3714 928 3814 pulcherrimos
957 3714 1053 3787 viros
1079 3713 1192 3785 niveis
1215 3711 1379 3785 restibus

317 3841 494 3925 comptos,
522 3828 708 3901 servitium
725 3852 831 3899 suum
847 3827 1030 3924 requirere
1045 3839 1082 3897 et
1102 3825 1273 3898 auxilium
1294 3849 1380 3924 pro·

316 3944 460 4015 mittere
500 3943 749 4017 incunctanter
786 3967 875 4015 voce
909 3957 945 4013 et
985 3965 1095 4040 opere
1127 3941 1375 4042 comperisset,

316 4056 499 4131 basilicam
515 4074 719 4132 sanctorum
733 4060 828 4154 regia
842 4056 1088 4131 munificentia
1103 4055 1319 4128 fabricatum
1334 4055 1377 4127 iri

317 4175 445 4248 ellectu
464 4174 621 4249 mirabili
644 4176 844 4276 imperavit.
869 4177 989 4262 Quam
1012 4181 1096 4246 cum
1111 4170 1265 4245 mirifica
1281 4193 1379 4245 mar-

356 4434 385 4495 l.
404 4434 589 4512 condignans
614 4433 663 4494 ed.
680 4432 787 4495 Chesa.
802 4432 888 4511 Quod
902 4430 944 4493 sic
964 4430 1111 4513 corrigere
1130 4431 1379 4513 praesumpsimus,

318 4528 416 4607 utpote
431 4527 570 4589 meadum
584 4526 711 4589 evidens.
