3742 5667
463 853 501 910 aa
678 839 837 904 minans
856 803 1086 902 00M1³Lams
1105 843 1157 902 na
1177 843 1314 903 suern.

465 981 626 1054 clausum
652 993 755 1071 esset,
781 989 886 1049 nocte
905 961 1036 1048 furtim
1059 973 1190 1067 exiliit,
1218 991 1254 1049 et
1286 973 1455 1074 festinans
1482 976 1531 1048 ad

466 1099 646 1170 famosum
672 1095 856 1192 juvenem,
887 1083 1110 1165 collaterales
1146 1093 1223 1191 ejus
1250 1091 1461 1164 muneribus
1493 1109 1532 1166 et

466 1212 650 1311 promissis
660 1211 845 1312 corrupit,
863 1225 900 1282 et
915 1223 958 1282 ut
973 1210 1006 1282 ei
1021 1209 1166 1282 militari
1179 1207 1436 1304 suffragamur
1447 1209 1533 1281 sub-

465 1327 557 1401 sidio
573 1328 741 1400 citissime
757 1325 926 1398 obtinuit.
945 1323 1137 1397 Flexibilis¹
1158 1325 1293 1424 quippe
1314 1338 1351 1395 et
1368 1339 1471 1397 tetate
1494 1340 1533 1398 et

467 1443 643 1535 moribus,
665 1441 816 1516 collecto
841 1443 1149 1541 septingentorum
1174 1440 1331 1514 militum
1356 1443 1528 1531 exercitu,

465 1561 512 1633 ad
537 1547 657 1659 partes
681 1557 758 1632 illas
787 1558 929 1630 festinat
949 1555 1130 1630 accedere.
1157 1557 1229 1644 Qui
1259 1581 1345 1632 cum
1367 1557 1533 1630 castelio¹

467 1677 568 1750 Acuti
598 1677 729 1749 Montis
752 1675 1068 1775 appropinquaret,
1092 1673 1161 1746 riri
1180 1673 1245 1771 qui
1276 1687 1433 1746 castrum
1460 1675 1533 1746 cir-

445 1792 749 1866 'cumcluserant⁸
774 1792 920 1864 nuutios
957 1789 1005 1862 ad
1040 1813 1125 1861 eum
1156 1787 1325 1885 delegant
1357 1804 1531 1888 tanquam

466 1910 650 2006 designato
664 1908 830 2000 domino,
847 1909 911 1979 ne*
936 1903 1161 1979 removendo
1185 1929 1247 1978 eos
1274 1897 1322 1978 ab
1342 1905 1534 1979 obsidione

464 2026 683 2124 vituperium
705 2025 834 2097 inferat
867 2021 1105 2122 supplicant:
1134 2036 1359 2121 opponentes
1391 2047 1438 2096 ne
1462 2048 1532 2122 pro

466 2140 708 2240 perditissimo
742 2141 892 2213 homine
920 2140 1105 2212 servitium
1146 2153 1333 2212 tantorum
1366 2140 1529 2231 amittat,

467 2258 664 2330 infaustum
677 2257 911 2355 perniciosius
930 2256 999 2328 sibi
1017 2281 1126 2354 quam
1142 2257 1206 2347 eis,
1225 2256 1255 2326 si
1272 2279 1427 2353 nequam
1451 2270 1533 2328 tuto

467 2387 663 2466 remaneat,
694 2373 868 2446 veraciter
887 2371 1111 2470 profitentes.
1140 2375 1184 2444 tt
1204 2394 1313 2462 vero,
1347 2396 1431 2444 cum
1462 2395 1532 2444 nec

466 2488 649 2561 blanditiis
665 2513 732 2560 nec
746 2488 853 2560 minis
871 2512 893 2560 a
917 2488 1104 2586 proposito
1128 2511 1212 2559 eum
1236 2487 1413 2560 devocare
1435 2488 1533 2560 vale‘-

467 2619 560 2694 rent,
579 2603 683 2676 veriti
697 2617 781 2674 sunt
797 2602 835 2672 in
849 2601 1074 2700 designatum
1090 2601 1280 2674 dominum
1291 2603 1532 2696 committere,

468 2736 504 2792 et
515 2734 772 2819 proponentes,
791 2744 875 2793 cum
888 2719 963 2818 ipse
978 2717 1112 2791 rediret
1135 2717 1181 2790 ab
1204 2717 1421 2813 obsidiom‘,
1444 2721 1536 2793 reci·

468 2835 554 2910 divo
572 2834 669 2908 bello
684 2835 816 2926 redire,
840 2851 1038 2926 cesserunt,
1055 2833 1273 2933 etquicquid
1295 2835 1414 2909 iacere
1427 2836 1536 2910 vellet

469 2952 572 3025 inviti
586 2953 842 3024 sustinuerunt.
869 2957 951 3052 Ipse
976 2975 1063 3024 vero
1088 2952 1125 3023 in
1151 2976 1263 3023 manu
1284 2952 1436 3050 potenti,
1464 2952 1539 3024 dis·

470 3068 586 3168 ruptis
602 3082 637 3140 et
656 3067 803 3140 defossis
821 3069 1101 3167 circumquaque
1115 3067 1287 3140 omnibus
1311 3068 1533 3166 municipiis,

470 3185 624 3257 Acutum
640 3185 801 3256 Mentem
814 3185 1065 3284 emancipavit,
1083 3200 1119 3257 et
1133 3199 1206 3256 tam
1220 3182 1329 3256 armis
1339 3208 1449 3282 quam
1466 3185 1539 3258 vic·

471 3299 639 3392 tualibus,
654 3324 781 3372 eorum
797 3300 1018 3398 sophismata
1029 3300 1229 3392 denodans,
1248 3300 1437 3400 copiosum
1451 3301 1538 3374 red-

472 3415 577 3488 didit.
597 3421 798 3515 Eapropter
825 3417 1016 3516 optimates
1032 3417 1094 3515 qui
1111 3437 1251 3490 amore·
1261 3430 1297 3488 et
1313 3419 1444 3490 timore
1459 3419 1539 3515 ejus

473 3545 665 3624 cesserant,
681 3533 765 3629 quia
779 3532 816 3603 in
831 3531 933 3604 nullo
949 3547 1170 3631 pepercerat,
1196 3546 1445 3606 succensentes
1467 3532 1537 3605 do·

471 3645 558 3737 lent,
575 3671 641 3718 nec
657 3646 805 3719 ulterius
822 3671 861 3718 se
877 3649 910 3719 ei
937 3645 1076 3720 deferre
1084 3645 1321 3746 jurejurando
1337 3647 1535 3720 minantur.

473 3765 636 3861 Cumque
663 3787 747 3838 eum
783 3762 922 3862 egredi⁰
946 3764 1193 3863 conspiciunt,
1229 3780 1345 3836 castra
1373 3779 1536 3856 movent,

472 3877 565 3951 acies
591 3876 809 3952 bellatorum
840 3893 1088 3978 componunt,
1119 3881 1327 3979 ipsumque,
1363 3894 1539 3977 tanquam

513 4107 544 4164 1.
567 4101 702 4174 Flebilis,
722 4105 889 4183 perperam,
909 4107 969 4164 135
986 4116 1016 4163 et
1037 4101 1109 4164 edit.
1132 4105 1233 4165 Germ.
1254 4138 1296 4152 -
1322 4109 1447 4166 Fleailis
1465 4103 1537 4164 edd.

471 4195 577 4255 chesn.
593 4207 622 4255 et
634 4196 743 4258 Bened.

514 4294 544 4350 2.
566 4292 665 4351 Castro
681 4293 791 4349 11710.
805 4321 846 4336 -
858 4291 887 4348 3.
913 4292 1258 4352 CIrcumcIarsserant135
1271 4305 1301 4352 et
1313 4294 1362 4351 ed.
1375 4293 1477 4353 Germ.

514 4384 545 4443 4.
566 4387 639 4460 Nec,
655 4383 740 4458 maie,
756 4387 814 4443 135
828 4396 858 4443 et
870 4382 918 4446 ed.
936 4386 1037 4444 Germ.

515 4481 545 4535 5.
565 4480 616 4534 Ad
628 4477 798 4536 obsidionem
813 4479 884 4552 513,
901 4479 991 4552 5925,
1006 4479 1098 4538 6265.

515 4573 545 4628 6.
567 4573 691 4644 Regredi
705 4575 775 4643 513,
791 4572 860 4646 1311,
874 4573 985 4644 terto,
1000 4582 1087 4651 atque
1098 4571 1146 4632 ed.
1164 4573 1263 4632 Germ.
