3742 5667
455 772 494 828 ss
665 757 825 822 tnuunns
848 744 1143 819 castrinum
1169 761 1304 819 suern.

456 896 677 971 horribiliter
700 894 970 969 vocilerantur:
1000 910 1062 965 aut
1098 893 1247 985 saciant,
1277 908 1339 964 aut
1364 891 1518 965 similem

458 1012 686 1113 proditorum
703 1037 861 1112 poenam,
883 1024 1055 1109 tanquam
1071 1010 1345 1101 consentientes,
1368 1008 1519 1079 sortian-

459 1144 532 1202 tur.
554 1132 634 1217 Qua
658 1127 806 1201 audacia
821 1143 856 1199 et
876 1128 1008 1199 timore
1029 1126 1265 1199 renitentibus
1279 1122 1517 1223 juratoribus,

460 1246 522 1345 qui
552 1270 627 1318 non
650 1246 860 1343 juraverant
886 1245 923 1315 in
956 1268 1017 1315 eos
1042 1242 1292 1341 praevalendo,
1322 1240 1518 1313 insilientes

458 1356 584 1453 gladiis
600 1382 661 1428 eos
678 1357 947 1452 aggrediuntur,
966 1356 1095 1453 impios
1110 1355 1169 1453 pie
1192 1352 1386 1442 trucidant,
1405 1377 1502 1423 mem
1516 1397 1520 1404 -

458 1471 535 1544 bris
558 1472 764 1564 emutilant,
788 1470 876 1543 alios
899 1470 1121 1543 dulcissime¹
1141 1471 1349 1560 eviscerant,
1367 1484 1402 1541 et
1420 1467 1520 1566 quic·

459 1586 549 1685 quid
571 1587 751 1661 crudelius
771 1588 894 1659 mitius
913 1602 1120 1684 reputantes
1144 1588 1180 1657 in
1205 1611 1267 1658 eos
1295 1599 1517 1682 exaggerant.

460 1707 533 1775 Nec
553 1685 834 1776 discredendum
850 1719 902 1775 est
922 1703 1083 1775 divinam
1101 1727 1250 1774 manum
1274 1717 1347 1773 tam
1367 1700 1521 1773 celerem

460 1834 659 1891 maturasse
685 1820 878 1913 ultionem,
908 1845 993 1891 cum
1021 1835 1055 1891 et
1080 1843 1146 1917 per
1168 1820 1337 1891 fenestras
1363 1818 1435 1889 vivi
1461 1832 1523 1887 aut

460 1934 594 2006 mortui
610 1934 859 2031 projiciuntur,
878 1950 914 2007 et
930 1934 1130 2030 innumeris
1143 1934 1275 2030 sagittis
1282 1931 1524 2005 hericiorum'

460 2074 562 2121 more
579 2048 725 2146 hispidi,
743 2048 954 2148 cuspidibus
969 2049 1174 2121 lancearum
1185 2051 1222 2119 in
1235 2048 1521 2135 aerevacantes',

459 2165 547 2239 acsi
563 2190 625 2238 eos
643 2181 739 2237 terra
764 2166 914 2262 rejiciat,
933 2164 1132 2239 vibrantur.
1158 2171 1259 2238 Hanc
1275 2180 1395 2237 autern
1411 2164 1522 2236 inusi-

460 2295 535 2353 tato
557 2278 652 2354 facto
672 2282 875 2354 inusitatam
897 2282 1083 2381 reperiunt
1103 2282 1292 2375 ultionem,
1321 2280 1421 2380 quod
1439 2280 1524 2379 quia
1572 2279 1575 2287 ’

459 2420 586 2470 vecors
600 2396 705 2470 vivus
723 2397 851 2489 fuerat,
878 2413 1045 2470 mortuus
1070 2412 1123 2469 est
1141 2396 1367 2471 excordatus.
1391 2399 1458 2470 Cor
1476 2395 1523 2467 si-

460 2511 609 2609 quidem
632 2514 723 2584 extis
744 2523 923 2613 ereptum,
941 2512 1068 2585 fraude
1083 2528 1117 2585 et
1134 2514 1322 2612 iniquitate
1340 2512 1524 2609 turgidum

356 2612 359 2618 ¹
459 2627 542 2725 palo
556 2628 761 2725 imponunt,
780 2628 827 2701 ad
839 2630 1164 2728 repraesentandam
1178 2630 1374 2728 iniquitatis
1385 2628 1523 2719 vindic-

460 2758 549 2835 tam,
572 2743 696 2817 multis
721 2744 850 2817 diebus
870 2760 969 2817 certo
991 2746 1028 2818 in
1046 2744 1128 2818 loco
1147 2745 1311 2842 infigunt.
1343 2744 1525 2817 Cadavera

460 2883 547 2932 vero
559 2873 634 2931 tam
650 2858 868 2959 illiusquam
883 2861 1126 2959 quorumdam
1144 2860 1525 2960 sociorum,composi-

461 2974 506 3047 tis
522 2974 632 3066 cleiis,
658 2975 781 3047 rastris
804 2992 840 3047 et
859 2976 1006 3049 funibus
1025 2977 1255 3077 superligata,
1281 3002 1347 3076 per
1373 2976 1525 3049 fluvium

460 3091 632 3187 Sequanae
648 3089 844 3163 demittunt
860 3094 884 3180 ⁸,
904 3106 946 3163 ut
963 3092 990 3163 si
1014 3091 1106 3165 sorte
1127 3117 1240 3189 usque
1267 3092 1528 3189 Rotomagunr⁸

461 3206 635 3278 fluctuare
658 3232 732 3279 non
752 3207 1007 3305 impediantur,
1032 3209 1247 3308 proditionis
1269 3210 1444 3282 ultionem
1465 3235 1524 3283 os-

461 3335 614 3411 tentent,
630 3322 743 3420 etqui
761 3324 946 3394 Franciam
961 3339 1216 3397 momentaneo
1232 3324 1358 3398 loetore
1373 3326 1528 3398 foedave-

461 3452 556 3528 rant,
575 3438 712 3509 mortui
736 3440 990 3512 Normanniam
1012 3438 1194 3538 deinceps,
1221 3456 1392 3539 tanquam
1409 3442 1527 3515 natale

460 3559 592 3651 solum,
609 3558 744 3632 foedare
756 3586 831 3633 non
845 3561 1028 3637 desistant.

511 3678 622 3749 XVII.
644 3677 781 3749 Raritas
799 3676 884 3749 fidei
911 3677 994 3751 lacit
1016 3693 1057 3752 ut
1077 3680 1202 3780 saepius
1219 3680 1313 3755 mala
1328 3706 1395 3781 pro
1420 3681 1527 3753 bonis

460 3816 570 3888 quam
589 3791 687 3865 bona
707 3793 908 3866 reddantur
932 3820 1000 3893 pro
1022 3796 1137 3869 malis.
1157 3796 1316 3871 Alterum
1335 3798 1523 3889 divinum,

460 3906 614 3980 alterum
632 3929 706 3980 nec·
727 3909 892 3983 divinum
910 3936 978 3983 nec
995 3910 1215 3986 humanum:
1234 3913 1274 3986 fit
1293 3931 1427 3987 tamen.
1447 3918 1526 4002 Qua

503 4126 533 4183 l.
549 4126 723 4182 Dulcissime
735 4124 821 4183 codd.
836 4144 948 4185 ornnes.
963 4159 1005 4171 —
1019 4132 1177 4186 Durt'ssi'me
1187 4130 1255 4188 edd.

376 4272 380 4277 ,
502 4215 533 4273 2.
555 4210 601 4272 sic
622 4211 683 4271 duo
703 4213 788 4273 codd.
814 4227 844 4274 et
860 4214 930 4274 edit.
951 4215 1099 4277 Benedict.
1114 4250 1152 4263 -
1167 4222 1338 4277 Htritiorum
1365 4218 1436 4292 tati,
1455 4220 1526 4281 543,

461 4308 574 4365 tatto.
589 4336 629 4351 -
642 4307 816 4380 Hyritt'orum
830 4306 948 4385 reliqnae
961 4307 1027 4367 edd.

504 4402 532 4461 3,
549 4405 694 4476 Vagantes
705 4398 762 4477 legi
776 4401 877 4460 volunt
889 4400 1078 4462 Benedictini.

506 4494 535 4550 l.
553 4495 707 4551 Drmiam
720 4498 832 4557 tatto,
843 4528 883 4541 -
893 4499 923 4555 5.
938 4496 1141 4574 llotltomagnm
1157 4499 1227 4558 135.
