3742 5667
589 775 653 831 vin
671 775 722 831 nt
740 773 854 833 LOUIS
871 774 919 833 LE
939 773 1049 833 GROS.
1290 776 1348 834 tas

295 906 441 979 tentoria
469 904 636 1003 figentes,
670 922 842 1005 sequente
874 908 990 996 intus,
1022 907 1148 1007 sopitis
1177 906 1346 1001 flammis,

295 1018 563 1118 reportavimus.
584 1022 656 1091 Rex
675 1043 764 1093 vero
779 1044 923 1093 summo
938 1043 1046 1093 mane
1059 1018 1137 1117 {hoc
1157 1042 1231 1091 uno
1254 1018 1350 1092 facto

296 1150 328 1207 et
341 1159 403 1206 eos
423 1135 662 1227 contristavit,
678 1150 715 1209 et
734 1160 801 1208 nos
816 1134 1029 1209 exhilaravit
1047 1161 1056 1206 ι
1076 1134 1248 1233 quoniam
1265 1157 1351 1206 cum

296 1250 445 1323 tentoria
474 1266 611 1344 nostra,
644 1276 718 1325 una
747 1251 793 1325 de
822 1267 924 1351 parte
956 1252 1047 1325 turri
1075 1251 1348 1351 propinquiora,

295 1366 402 1439 multo
415 1366 528 1459 bello,
554 1366 679 1441 multis
693 1370 903 1465 sagittarum
917 1383 955 1441 et
971 1367 1175 1466 jaculorum
1191 1368 1352 1440 emissio·

299 1482 416 1576 nibus,
442 1485 492 1557 ita
511 1484 621 1556 etiam
636 1499 691 1575 ut,
716 1484 1008 1584 praemissisinter
1024 1508 1092 1555 nos
1115 1497 1152 1556 et
1176 1483 1274 1582 ipsos
1292 1506 1350 1555 ar·

296 1614 471 1673 matorum
504 1600 690 1700 prmidiis,
724 1626 791 1674 nos
820 1599 953 1701 clypeis
987 1600 1120 1699 operiri
1152 1614 1351 1699 oporteret,

296 1717 454 1789 lacessire
470 1731 545 1789 tota
565 1733 673 1791 nocte
693 1742 768 1790 non
783 1716 1009 1805 desisterent,
1029 1714 1238 1813 significavit
1255 1715 1353 1789 mili·

297 1833 357 1905 tari
373 1833 454 1905 viro
475 1846 511 1905 et
529 1834 670 1930 egregio
693 1833 823 1906 baroni
845 1830 1024 1909 tmalrico
1039 1830 1085 1904 de
1104 1835 1225 1903 Monte
1232 1831 1353 1903 Forti¹

298 1964 346 2037 ut,
363 1949 413 2020 eis
428 1973 474 2021 ex
486 1948 639 2047 obliquo
650 1947 796 2022 insidias
814 1973 966 2049 ponens,
982 1973 1029 2020 ne
1046 1947 1272 2047 procinctum
1290 1946 1356 2019 im·

298 2089 386 2164 pune
420 2064 700 2161 regrederentur
722 2062 924 2164 provideat.
961 2064 1033 2153 Qui
1063 2062 1194 2136 talibus
1221 2061 1355 2135 callens

299 2182 528 2274 intentoriis’,
546 2182 658 2255 sumit
671 2206 784 2276 arma,
803 2204 935 2280 eosque
957 2204 1135 2279 equorum
1153 2177 1353 2269 velocitate,

300 2323 336 2369 er
352 2296 502 2395 obliquo
518 2300 651 2372 nostris
667 2323 729 2373 eos
747 2294 1041 2398 impedientibus,
1057 2294 1241 2396 inopinate
1252 2320 1357 2393 quos·

300 2412 378 2486 darn
393 2414 588 2514 intercipit,
603 2416 679 2512 regi
691 2414 855 2489 celeriter
867 2415 1026 2489 remittit.
1045 2414 1116 2503 Qui
1129 2438 1213 2487 oum
1226 2412 1360 2517 redimi

301 2555 334 2602 se
354 2529 470 2604 multo
501 2547 681 2631 rogarent,
711 2532 866 2633 imperat
893 2557 956 2605 eos
988 2533 1181 2622 emancari,
1209 2553 1358 2603 mancos

302 2660 431 2734 autem,
448 2672 588 2747 pugnos
615 2648 651 2719 in
672 2649 802 2747 pugnis
823 2648 1036 2741 referentes,
1054 2634 1151 2721 intui
1169 2646 1274 2719 sociis
1305 2670 1359 2718 re-

301 2762 402 2834 mitti.
422 2762 565 2851 Quibus
581 2764 701 2837 caeteri
717 2764 832 2838 territi
841 2764 1010 2865 deinceps
1025 2788 1092 2837 nos
1110 2761 1250 2860 quietos
1264 2761 1358 2835 sine·

303 2880 395 2952 bant.
414 2882 580 2979 Cumque
597 2881 848 2954 machinarum
863 2896 900 2953 et
912 2882 1233 2955 instrumentorum
1247 2894 1361 2952 struc-

305 3012 379 3068 tura
400 2996 628 3087 demorante,
650 3012 728 3071 tota
748 2997 913 3071 alvernia
945 2995 1121 3071 voluntati
1146 3010 1182 3069 et
1210 2994 1361 3068 arbitrio

305 3114 469 3187 exercitus
484 3128 635 3213 pateret,
653 3114 728 3187 dux
743 3114 941 3211 Aquitaniae
959 3111 1184 3205 Guillelrnus,
1203 3110 1360 3185 exercitu

306 3230 560 3326 aquitanorum
582 3230 709 3325 fretus,
729 3230 886 3304 advenit.
913 3230 1092 3318 Quicum
1117 3229 1155 3301 in
1180 3226 1362 3301 montanis

307 3360 409 3417 casua
429 3361 599 3442 metatus,
619 3349 657 3419 in
680 3346 789 3447 plano
813 3352 1032 3420 Francorum
1049 3346 1250 3418 intueretur
1263 3345 1360 3416 ruti·

307 3461 373 3534 lare
391 3461 598 3562 phalanges,
621 3462 820 3537 admiratus
839 3463 1017 3554 exercitus
1034 3462 1125 3535 tanti
1144 3459 1360 3557 magnitudi-

307 3604 398 3673 nem,
415 3581 587 3680 poenituit
606 3606 691 3654 eum
717 3605 785 3681 pro
812 3580 1024 3680 impotentia
1045 3577 1092 3651 ad
1107 3574 1360 3672 refragandum

308 3697 435 3769 venisse
449 3726 461 3791 3
478 3698 697 3796 mittensque
711 3696 881 3798 pacificos
894 3696 991 3795 regi⁸
1004 3694 1169 3785 nuncios,
1187 3706 1228 3765 ut
1239 3692 1273 3766 ei
1283 3707 1363 3765 tan-

309 3839 410 3913 quam
434 3814 587 3888 domino
610 3839 676 3888 suo
704 3814 873 3913 loquatur
907 3813 1052 3906 assistit,
1090 3835 1260 3912 perorans
1286 3808 1376 3881 hoc·

309 3930 441 4005 modor
469 3962 489 3999 r
507 3934 590 4004 Dux
606 3945 690 4005 tuus
706 3930 916 4029 Aquitaniae,
935 3928 1173 4019 dominarer,
1198 3924 1314 4000 multa
1327 3937 1364 3997 te

348 4140 379 4199 t.
391 4142 418 4195 A
430 4138 601 4215 monteforti
612 4136 682 4197 edd.
698 4136 799 4200 Germ.
812 4154 847 4195 ac
862 4134 969 4196 chesn.

349 4234 585 4310 2.1ntemptorr'r's
602 4234 660 4293 stt
680 4242 710 4291 et
726 4233 1060 4294 5925.-1nremeorrrr
1075 4230 1185 4290 tatto.
1201 4260 1242 4275 ·-·
1252 4234 1290 4288 Ia
1306 4240 1365 4285 terr·

315 4326 387 4383 coriis
406 4328 482 4387 otoo
495 4347 531 4386 ac
548 4324 618 4390 edd.
635 4328 738 4389 Germ.
753 4338 783 4386 et
794 4326 953 4390 Chesn.--
965 4328 1132 4385 Intertorr'r's
1146 4321 1193 4383 ed.
1212 4319 1361 4385 Benedict.

317 4418 394 4480 Foru
405 4440 458 4500 pro
471 4426 693 4499 intentamentr‘s,
705 4431 739 4479 ut
747 4418 836 4480 habet
849 4419 973 4482 Froher.

354 4515 383 4574 3.
394 4519 461 4594 Regi
471 4513 614 4575 omittitur
624 4513 655 4576 in
669 4513 736 4576 cod.
754 4516 866 4575 {2710-
