3742 5667
595 806 657 860 VlE
677 805 727 860 DE
747 805 857 864 totns
876 808 923 864 LE
944 808 1055 866 GROS.
1315 816 1352 874 35

301 963 316 1002 ι
332 933 457 1006 electio
471 935 511 1006 in
528 935 648 1034 palam
661 938 878 1036 proferatur,
895 938 942 1012 ad
958 965 1062 1012 aures
1081 941 1221 1014 domini
1237 944 1352 1045 impe·

301 1050 463 1122 aratoris
479 1051 653 1148 perferre,
679 1069 728 1146 et,
753 1055 783 1126 si
802 1080 996 1154 personam
1011 1055 1148 1148 deceat,
1170 1083 1353 1134 assensum

300 1195 315 1232 ι
330 1163 378 1236 ab
396 1191 441 1238 eo
455 1183 540 1241 ante
557 1168 688 1242 factam
708 1169 917 1244 electionem
939 1195 1142 1264 assumere;
1166 1172 1296 1247 deinde
1317 1177 1353 1248 in

299 1299 513 1356 «conventu
524 1285 722 1358 secundum
738 1311 905 1380 canones,
924 1287 1096 1386 petitione
1107 1288 1248 1389 populi,
1262 1290 1355 1363 eleo·

301 1399 430 1471 «tione
445 1400 544 1494 cleri,
562 1405 723 1474 assensu¹
739 1401 967 1476 honoratoris
979 1403 1152 1502 prolerre,
1165 1430 1354 1478 consecra-

300 1527 409 1588 «tum
435 1515 547 1590 libere
566 1543 634 1591 nec
656 1519 850 1592 simoniace
874 1519 920 1592 ad
946 1519 1136 1593 dominum
1158 1522 1354 1619 imperato·

299 1655 409 1704 arem
433 1657 503 1732 pro
524 1632 717 1729 regalibus,
738 1649 779 1706 ut
800 1635 933 1707 annulo
953 1650 990 1708 et
1010 1635 1109 1734 virga
1127 1637 1351 1728 investiatur,

300 1747 460 1840 «redire,
480 1749 688 1822 fidelitatem
701 1765 737 1822 et
747 1750 951 1823 hominium
964 1751 1091 1824 lacere.
1107 1755 1179 1824 Nec
1192 1752 1326 1824 mirum
1340 1779 1351 1844 3

299 1864 494 1938 «civitates
520 1867 618 1938 enim
643 1880 677 1937 et
698 1865 854 1958 castella,
879 1867 1069 1958 marchias,
1097 1867 1283 1961 thelonea,
1317 1882 1355 1941 et
1463 1894 1466 1899 ’

300 2009 315 2046 ι
333 2003 485 2079 quaeque
500 1982 737 2080 imperatoria
743 1981 924 2078 dignitatis
934 1981 1036 2054 nullo
1049 1982 1161 2056 modo
1173 1983 1278 2056 aliter
1289 1983 1354 2056 de·

298 2094 417 2168 «bere
449 2100 657 2198 occupare'.
680 2098 717 2168 Si
741 2097 819 2170 haec
841 2096 1011 2170 dominus
1037 2122 1128 2197 papa
1156 2100 1352 2191 sustineat,

299 2236 500 2311 «prospere
519 2227 554 2286 et
577 2213 673 2285 bona
688 2237 776 2312 pace
797 2239 950 2310 regnum
965 2228 1000 2286 et
1013 2215 1198 2288 ecclesiam
1217 2216 1265 2289 ad
1280 2216 1355 2288 ho·

298 2353 459 2401 «norem
477 2330 543 2401 Dei
568 2327 752 2402 inhaerere.
778 2357 795 2398 u
820 2333 936 2429 Super
961 2331 1017 2402 his
1044 2331 1151 2426 igitur
1181 2330 1354 2405 dominus

294 2465 378 2542 papa
395 2446 576 2537 consulte,
595 2445 749 2519 oratoris
764 2445 924 2545 episcopi
948 2445 1142 2519 Placentini
1160 2472 1261 2539 voce,
1278 2472 1355 2520 res·

294 2559 441 2656 pondit:
473 2592 490 2628 α
517 2561 726 2652 Ecclesiam,
747 2561 908 2660 precioso
928 2567 1012 2634 lesu
1039 2562 1168 2635 Christi
1183 2563 1355 2658 sanguine

296 2705 313 2742 a
329 2673 553 2775 redemptam
566 2692 601 2750 et
617 2675 768 2750 liberam
781 2678 1028 2769 constitutam,
1046 2677 1147 2750 nullo
1163 2677 1275 2749 modo
1287 2677 1354 2748 ite·

297 2805 405 2864 «rato
425 2792 588 2867 ancillari
607 2795 820 2892 oportere⁸3
839 2794 868 2864 si
891 2793 1053 2883 ecclesia,
1072 2817 1115 2866 eo
1136 2791 1352 2884 inconsulto,

296 2938 312 2976 ι
327 2907 536 3006 praelatum*
563 2909 691 3006 eligere
705 2934 779 2982 non
794 2909 919 3007 possit,
938 2923 1072 2981 cassata
1078 2907 1207 2979 Christi
1221 2922 1353 3000 morte,

296 3047 312 3086 ι
330 3021 362 3091 ei
389 3020 567 3093 serviliter
591 3021 775 3118 subjacere
793 3049 804 3113 3
822 3023 850 3092 si
866 3022 965 3116 virga
979 3033 1014 3091 et
1030 3018 1164 3091 annulo
1184 3019 1354 3092 investia-

295 3151 401 3228 «ων,
422 3161 509 3210 cum
536 3137 584 3210 ad
603 3137 727 3210 altaria
759 3136 937 3236 ejusmodi
967 3137 1189 3235 pertineant,
1227 3151 1356 3209 contra

293 3281 310 3318 ι
327 3255 444 3326 Deum
460 3254 581 3352 ipsum
592 3278 785 3353 usurpare3
802 3253 832 3326 si
843 3268 995 3326 sacratas
1007 3251 1200 3326 Dominico
1206 3249 1355 3351 corpori

293 3383 362 3442 «et
379 3370 568 3466 sanguini·
591 3395 719 3444 manus
735 3369 816 3444 laici
834 3369 1003 3442 manibus
1023 3367 1142 3464 gladio
1163 3368 1356 3462 sanguino·

292 3513 309 3550 ι
327 3483 431 3558 lentis
447 3485 643 3582 obligando
654 3500 871 3586 supponant,
887 3483 1009 3557 ordini
1022 3507 1087 3555 suo
1103 3498 1140 3556 et
1148 3507 1255 3556 sacrae
1263 3506 1354 3556 unc-

294 3601 422 3672 «tioni
438 3601 624 3699 derogare.
645 3631 663 3670 n
687 3606 851 3703 Cumque
870 3601 946 3673 haec
966 3599 1073 3672 ethis
1094 3598 1223 3671 similia
1243 3598 1354 3670 cervi·

289 3716 360 3786 cosi
376 3715 561 3789 audissent
574 3717 692 3813 legati,
711 3717 894 3790 teutonico
910 3716 1049 3813 impetu
1063 3714 1270 3787 frendentes
1296 3727 1353 3784 tu·

288 3829 527 3924 multuabant,
548 3847 597 3924 et,
616 3832 645 3905 si
661 3845 741 3905 tuto
749 3831 935 3924 auderent,
948 3830 1109 3904 convicia
1117 3830 1350 3920 eructarent·‚

288 3945 435 4044 injurias
451 3947 635 4022 inferrent.
658 3953 769 4021 «Non
786 3946 860 4040 hic,
879 3948 1059 4047 inquiunt,
1070 3945 1133 4020 sed
1146 3949 1265 4019 Romae
1282 3945 1353 4043 gla-

325 4169 356 4228 1.
378 4169 533 4226 Assensum
553 4170 621 4231 133.
636 4169 715 4229 -1,
739 4168 882 4243 occupari
891 4165 959 4226 cod.
976 4168 1046 4239 133,
1061 4165 1241 4228 emendatus.

324 4265 354 4324 3.
377 4265 525 4320 Ancillorr'
536 4275 629 4340 potest
647 4265 719 4325 133.
736 4295 777 4306 -
798 4265 828 4324 l.
852 4264 1038 4322 Prasulatum
1052 4265 1110 4321 133
1122 4271 1153 4320 et
1162 4259 1234 4320 edit.
1249 4261 1351 4321 Germ.

326 4357 357 4414 5.
380 4359 533 4414 Dominlco
544 4377 657 4433 corpore
672 4369 700 4415 et
710 4361 851 4436 sanguine
864 4358 923 4416 133
936 4365 966 4414 et
976 4354 1047 4414 edit.
1063 4356 1164 4415 Germ.

302 4447 433 4600 11ζῶε
458 4449 518 4508 sola
542 4449 612 4511 edit.
635 4451 899 4513 Benedictinorum.
933 4483 973 4496 -
995 4453 1185 4509 Erucruarem
1208 4446 1295 4508 codd.
1324 4458 1353 4505 et

286 4540 321 4598 ι’
362 4541 437 4604 edd.
