3742 5667
541 769 600 827 ns
759 764 920 824 muvnus
940 746 1153 823 concussus
1173 765 1224 822 ns
1244 764 1379 824 suom.

541 917 636 973 tores
656 898 853 989 existimus,
873 896 1144 989 contumaciter,
1161 894 1259 995 quod
1278 895 1381 969 vobis
1394 919 1469 968 nou
1489 922 1599 995 expe·

541 1015 608 1108 dit,
620 1014 832 1087 calcaneum
844 1013 999 1086 elevetis.
1019 1017 1137 1085 Novus
1149 1012 1485 1086 esteuimetseculo
1497 1014 1598 1085 inau·

544 1130 639 1203 ditus
654 1127 862 1226 hujusmodi
876 1154 995 1220 ausus,
1010 1152 1077 1199 nec
1088 1127 1222 1200 diutius
1235 1127 1372 1225 absque
1391 1128 1546 1201 civitatis
1559 1143 1596 1201 et

542 1245 696 1318 ecclesiae
715 1243 955 1316 destructione
968 1244 1132 1342 poteritis
1146 1244 1331 1316 sustinere.
1347 1245 1481 1316 Moveri
1496 1244 1595 1317 enim

429 1394 435 1411 ·
539 1384 638 1433 arma
652 1358 700 1433 ab
715 1360 884 1459 episcopo
903 1358 962 1430 vel
981 1359 1174 1431 commisso
1190 1359 1258 1431 sibi
1271 1358 1408 1457 populo
1423 1358 1594 1433 adversus

538 1498 769 1549 communem
793 1474 995 1566 dominum,
1020 1474 1215 1573 pracsertim
1235 1473 1435 1545 inconsulto
1451 1498 1594 1547 summo

538 1588 709 1664 Pontilice
736 1604 772 1661 et
795 1591 893 1685 regni
917 1590 1093 1688 episcopis
1116 1604 1224 1687 atque
1249 1588 1469 1687 proceribus,
1485 1614 1596 1687 quam

538 1705 778 1805 perniciosum
791 1720 828 1778 et
842 1704 1081 1802 periculosum
1094 1706 1153 1796 sit,
1168 1704 1237 1802 ipsi
1246 1704 1346 1778 lacilc
1359 1706 1589 1800 cognoscetis.

538 1806 657 1892 Unum
670 1834 723 1892 est
736 1821 835 1917 quod
850 1820 1005 1892 maxime
1020 1845 1085 1892 vos
1098 1818 1146 1892 ab
1162 1819 1231 1893 hao
1250 1818 1379 1893 debeat
1394 1844 1591 1920 praesump-

540 1936 637 2008 tione
647 1959 831 2009 revocare:
848 1936 932 2031 quia
944 1960 1058 2033 usque
1064 1935 1111 2008 ad
1119 1936 1191 2007 hoc
1203 1950 1345 2034 tempus
1351 1951 1592 2009 antecessores

538 2066 673 2124 vestros
695 2051 764 2123 tale
789 2049 924 2149 aliquid
946 2064 1173 2150 attemptasse
1195 2049 1400 2148 nunquam‘
1423 2051 1589 2144 audistis,

538 2166 605 2239 ne'c
626 2179 699 2238 tam
721 2165 865 2239 nefandi
884 2167 1004 2265 operis
1023 2166 1225 2264 exemplum
1247 2167 1284 2238 in
1305 2165 1410 2263 gestis
1428 2164 1483 2240 vel
1504 2166 1592 2239 rela-

539 2282 698 2355 tionibus
713 2283 943 2380 antiquorum
963 2282 1123 2355 invenire
1136 2283 1315 2381 poteritis3
1331 2281 1477 2380 quidem
1492 2283 1589 2380 quod

539 2413 664 2471 contra
677 2397 866 2469 dominum
881 2412 1051 2490 vestrum,
1071 2422 1190 2494 regem
1212 2398 1376 2472 videlicet
1396 2399 1512 2497 pium,
1533 2424 1590 2472 ec·

538 2514 727 2586 elesiarum
763 2514 941 2604 amicum,
982 2528 1019 2585 et
1039 2516 1050 2550 ¹
1082 2514 1191 2586 totius
1228 2515 1316 2587 boni
1350 2512 1592 2587 aemulatorem

538 2631 829 2719 intentissimum,
849 2632 1054 2703 calcaneum
1071 2630 1260 2722 extulistis3
1283 2632 1415 2729 quippe
1430 2655 1515 2704 cum
1527 2654 1590 2702 vo·

539 2746 713 2819 luntatem
740 2770 886 2844 prorsus
915 2770 990 2818 non
1014 2745 1146 2818 habeat
1170 2761 1209 2818 ut
1234 2746 1290 2818 vel
1313 2746 1417 2819 vobis
1439 2746 1497 2819 vel
1518 2747 1593 2819 aliis
1722 2843 1723 2851 ἵ

540 2862 731 2959 quicquam
748 2860 878 2957 injuste
892 2861 1040 2933 auferat.
1056 2861 1127 2948 Qui
1136 2862 1165 2933 si
1176 2860 1356 2935 malorum
1368 2862 1592 2961 persuasione

540 2974 676 3072 aliquid
690 2976 781 3048 forte
805 2976 924 3047 minus
946 2974 1040 3047 bene
1056 2976 1247 3047 adversum
1265 3003 1328 3049 vos
1347 2979 1486 3073 egisset,
1508 3003 1591 3051 con-

541 3089 739 3162 veniendus
764 3090 889 3188 utique
920 3090 1020 3189 prius
1042 3106 1118 3163 erat
1136 3116 1201 3189 per
1225 3094 1325 3188 regni
1349 3094 1536 3193 episcopos
1558 3110 1592 3167 et

542 3228 723 3302 proceres,
739 3206 813 3276 sive
830 3205 950 3303 potius
963 3228 1027 3302 per
1042 3203 1231 3276 dominum
1246 3231 1392 3305 papam,
1406 3210 1468 3305 qui
1485 3224 1590 3307 caput

541 3332 593 3390 est
607 3319 848 3410 ecclesiarum,
865 3320 999 3416 quique
1012 3320 1134 3392 omnia
1147 3320 1249 3394 lacile
1261 3323 1448 3420 pacificare
1462 3326 1593 3422 potuis

543 3448 607 3505 set.
629 3433 760 3507 Redeat
774 3435 881 3531 igitur
900 3434 948 3505 ad
967 3459 1030 3506 cor
1043 3436 1128 3507 novi
1141 3437 1298 3537 episcopi
1316 3438 1496 3531 nobilitas,
1517 3442 1589 3537 qui,

897 3654 1034 3731 Quamvis
1044 3654 1158 3734 plebeio
1174 3668 1264 3715 tectus
1279 3655 1396 3729 saniem,

740 3746 875 3823 Indocilis
888 3748 1004 3829 privata
1016 3747 1096 3827 loqui
1106 3747 1128 3822 ¹,

543 3949 663 4021 regem
676 3923 865 3996 dominum
877 3939 911 3996 et
930 3923 1075 3996 fratrem
1089 3925 1200 4022 magis
1216 3924 1430 4023 placandum
1447 3923 1593 4021 graviter

544 4040 753 4113 commovit.
769 4039 805 4112 si
820 4064 862 4111 ex
880 4064 1001 4113 amore
1015 4040 1168 4113 ecclesiae
1183 4066 1254 4112 suae
1266 4040 1337 4112 hoc
1352 4039 1447 4132 facit,
1463 4038 1588 4111 habeat

584 4306 613 4357 1.
628 4306 670 4359 lul
682 4302 748 4363 cod.
762 4302 872 4361 11199.
887 4334 926 4345 -
936 4304 1082 4377 Nusquam
1096 4300 1144 4361 ed.
1157 4300 1304 4360 Benedict.

584 4404 613 4455 9.
628 4395 673 4454 Sic
688 4394 754 4457 cod.
770 4397 877 4453 11192.
893 4427 933 4439 -
947 4398 990 4451 Ac
1003 4392 1051 4454 ed.
1067 4391 1212 4452 Benedict.

586 4491 615 4547 3.
628 4486 736 4547 Lucani
748 4490 864 4561 Phara,
878 4485 928 4546 lib.
945 4490 980 4565 V,
993 4506 1024 4547 v.
1041 4486 1187 4545 538·539.
