3742 5667
740 800 914 861 Lamus,
1311 802 1370 860 249

308 924 377 998 silii
398 939 434 998 et
452 925 515 999 filii
534 927 637 1021 lucis,
665 931 857 1003 canonicos
878 933 1054 1031 regulares
1080 957 1119 1005 se
1142 946 1369 1031 suscepturos

308 1041 459 1141 pacifice
475 1048 730 1143 promiserunt.

359 1173 433 1242 llos
450 1186 573 1245 autem
590 1198 699 1273 super
715 1174 785 1246 hoc
803 1176 882 1273 ipso
895 1173 1079 1247 exhilarati
1098 1172 1284 1271 (quoniam
1298 1174 1373 1270 qui-

309 1284 394 1356 dam
412 1285 458 1357 de
469 1286 676 1361 melioribus
690 1288 858 1361 abbatem
869 1289 936 1361 sibi
951 1290 1118 1362 constitui
1130 1304 1166 1361 ct
1180 1288 1373 1362 canonicos

309 1397 355 1469 de
379 1400 512 1473 Sancto
533 1403 691 1475 Victore¹
714 1402 975 1501 postulabant),
1002 1405 1266 1476 communicato
1289 1428 1373 1476 cum

308 1514 555 1589 assistentibus
572 1518 746 1609 consilio,
766 1534 844 1591 tum
861 1520 946 1616 quia
961 1520 1096 1592 nullam
1112 1544 1221 1619 penes
1237 1544 1304 1591 nus
1321 1544 1374 1591 rc·

309 1628 530 1725 ligiosiorem
547 1634 583 1704 in
601 1657 667 1705 suo
687 1648 780 1706 statu
802 1635 970 1706 novimus
988 1634 1184 1723 ecclesiam,
1199 1648 1276 1705 tum
1289 1634 1373 1733 quia

309 1750 580 1848 propinquitate
602 1750 672 1823 loci
689 1751 735 1823 ad
764 1776 910 1824 omnem
928 1776 1054 1823 eorum
1080 1752 1154 1823 sive
1169 1750 1374 1822 interiorem

310 1863 386 1933 sive
409 1865 625 1938 exteriorem
653 1866 880 1939 commodior
903 1867 1019 1939 existit
1041 1866 1299 1954 necessitatem,
1325 1863 1372 1936 ad

310 2001 373 2049 eos
388 1976 613 2069 divertimus,
625 1982 813 2080 virumque
831 1980 1070 2054 venerabilem
1079 1979 1248 2057 abbatem
1255 1978 1374 2051 Sancti

311 2091 468 2167 Victoris
476 2097 498 2186 ¹,
527 2094 698 2195 operibus
716 2098 856 2195 pietatis
878 2096 1132 2195 approbatum,
1149 2095 1261 2169 modo
1275 2119 1374 2167 seor·

312 2233 407 2301 sum,
428 2210 539 2283 modo
556 2212 593 2283 in
614 2228 794 2286 conventu
814 2238 892 2301 suo,
922 2226 963 2285 ut
983 2212 1040 2284 his
1055 2236 1161 2311 opem
1187 2213 1307 2300 ferret,
1337 2225 1373 2281 et

313 2324 435 2419 ajutor
449 2326 651 2400 Divinitatis
666 2328 832 2401 evelleret
849 2343 886 2401 et
901 2328 1113 2420 destrueret,
1130 2327 1322 2402 edificaret
1339 2340 1375 2397 et

315 2438 504 2536 plantaret,
529 2444 567 2515 in
587 2444 732 2515 nomine
755 2445 903 2516 Domini
929 2444 1135 2543 suppliciter
1159 2440 1374 2538 efflagitaba-

314 2578 408 2626 mus.
430 2556 514 2646 Qui,
533 2572 572 2628 ut
591 2558 759 2630 emeritus
772 2574 873 2656 pater
886 2573 922 2631 et
939 2558 1099 2657 ejusdem
1114 2558 1184 2631 loci
1206 2556 1376 2656 providus

314 2686 543 2768 procurator,
567 2697 651 2744 cum
681 2673 752 2745 hoc
777 2675 893 2771 ipsum
923 2676 1097 2746 instanter
1120 2685 1311 2761 recusaret,
1336 2683 1377 2741 ut

315 2786 473 2883 priorem
496 2813 614 2879 suum,
638 2790 757 2860 virum
776 2789 1015 2863 venerabilem
1031 2804 1067 2861 et
1079 2788 1297 2883 religiosum,
1314 2786 1377 2857 ab

315 2900 436 2973 batem
457 2902 532 2975 lieri
550 2902 732 3001 postulare
751 2928 818 2977 nos
838 2907 1027 3003 comperit,
1052 2904 1190 2977 obortis
1210 2902 1376 2998 lacrymis

315 3042 400 3089 cum
425 3018 513 3091 lletu
535 3034 572 3091 et
596 3021 755 3116 augustia
792 3020 927 3113 cordis,
957 3022 1097 3093 senium
1125 3018 1376 3115 defectumque

315 3159 421 3207 suum
445 3147 643 3233 opponens,
672 3136 833 3234 ejusdem
851 3138 982 3234 prioris
1004 3134 1191 3208 consilium
1217 3150 1252 3207 ct
1276 3134 1376 3205 auxi-

316 3248 416 3339 lium,
440 3251 469 3321 si
494 3274 537 3322 eo
558 3268 711 3343 careret,
731 3252 935 3351 deplorans,
960 3252 1117 3349 fereper
1144 3266 1257 3324 totam
1279 3248 1376 3321 diem

317 3365 528 3455 recusando,
545 3380 581 3437 et
595 3366 695 3463 quod
709 3392 892 3464 nunquam
908 3366 1008 3439 lieret
1020 3365 1242 3459 detestando,
1263 3390 1376 3462 usque

316 3480 361 3551 ad
389 3480 590 3578 proximam
618 3486 758 3554 Nouam
787 3482 952 3555 detinuit.
979 3482 1137 3555 Tandem
1160 3506 1246 3554 vero
1263 3484 1376 3553 victus

317 3595 482 3693 precibus
495 3597 706 3685 multorum,
719 3600 830 3669 immo
843 3598 1054 3669 auctoritate
1068 3612 1196 3687 vestra,
1210 3620 1376 3694 quaeum

317 3712 537 3809 importune,
555 3700 774 3811 opportunel
790 3711 1059 3810 adjurabamus,
1083 3725 1154 3782 tam
1176 3712 1376 3784 misericor-

317 3826 374 3897 dia
397 3850 508 3923 quam
539 3829 669 3926 pietate
693 3852 760 3926 pro
781 3828 900 3899 alieno
924 3824 1118 3899 commodo
1144 3852 1248 3899 suum
1272 3827 1377 3898 susti·

318 3966 406 4012 nens
433 3942 727 4033 incommodum,
754 3943 909 4015 eundem
931 3941 1177 4014 'venerabilem
1202 3944 1379 4041 priorem⁸

318 4080 401 4127 curu
431 4054 622 4129 duodecim
650 4056 819 4130 fratribus
851 4055 936 4129 viris
959 4056 1131 4152 religiosis
1157 4071 1193 4128 et
1219 4056 1377 4129 honestis

360 4258 389 4313 l.
402 4253 448 4312 Sic
462 4253 491 4311 in
505 4254 576 4317 edit.
592 4253 696 4315 Chesu.
710 4286 749 4301 -
763 4258 860 4315 Sancte
874 4256 997 4309 Victoris
1006 4251 1057 4311 dat
1065 4251 1135 4313 edit.
1151 4252 1296 4316 Benedict.

361 4352 390 4407 Ξ.
407 4344 587 4411 Gilduinum.

361 4441 389 4501 3.
409 4445 572 4517 Opportune
583 4440 719 4501 omissum
730 4442 761 4502 in
771 4442 841 4502 edit.
854 4440 1001 4505 Benedict.

364 4538 393 4597 l.
409 4534 551 4595 udonem.
