3742 5667
451 830 525 889 sua
546 830 615 889 son
635 810 954 890 anumvsininou
974 832 1193 893 lassulus.
1296 834 1354 895 aar

282 962 534 1062 adaptandam
543 962 592 1035 ob
606 987 767 1037 amorem
783 963 1018 1038 dominorum
1035 982 1243 1039 nostrorum
1258 992 1355 1041 sanc-

283 1097 412 1154 tonmr
429 1085 628 1179 Martyrum
649 1080 871 1173 accedentes,
895 1079 1078 1180 quandam
1098 1096 1233 1154 terram
1254 1083 1354 1155 vide-

283 1196 372 1270 licet
389 1198 503 1270 trium
522 1220 752 1269 carrucarum
768 1197 805 1268 in
819 1196 948 1269 eadem
962 1196 1045 1269 villa
1061 1198 1178 1288 sitam,
1195 1221 1265 1295 pro
1285 1222 1357 1296 qua

283 1316 319 1386 a¹
347 1313 590 1411 quadraginta
619 1312 722 1383 annis
746 1327 783 1384 et
807 1312 901 1384 ultra
926 1337 1054 1408 guerra
1072 1312 1226 1385 maxima
1246 1314 1358 1409 agita·

284 1431 398 1505 batur
415 1431 510 1504 inter
526 1428 728 1502 lobannem
748 1430 997 1527 stampensem
1012 1428 1127 1500 filium
1145 1428 1286 1523 Pagani,
1303 1430 1357 1501 vi-

285 1572 371 1619 rum
386 1544 553 1620 nobilem
561 1558 598 1615 et
607 1559 808 1634 strenuum,
823 1560 861 1616 et
880 1542 1063 1642 quendam
1077 1544 1190 1615 alium
1205 1544 1359 1617 militem

286 1664 559 1759 Pigverensem,
571 1658 689 1732 multo
701 1675 849 1760 sumptu
858 1659 957 1758 apud
969 1673 1165 1756 utrumque
1178 1662 1357 1759 apposito,

287 1776 448 1851 eoelesiae
462 1774 763 1873 comparavimus,
781 1788 818 1845 et
835 1773 935 1872 quod
950 1787 1103 1872 uterque
1121 1774 1303 1872 quaerebat
1319 1790 1360 1847 ut

288 1908 421 1966 neuter
434 1890 599 1982 haberet,
612 1889 719 1963 uobis
731 1914 812 1962 eam
822 1889 1013 1963 retinendo
1027 1904 1063 1963 et
1079 1914 1215 1987 guerrae
1232 1914 1359 1963 eorum

290 2009 406 2083 linem
422 2005 658 2107 imponendo,
675 2006 797 2078 favore
815 2020 1007 2105 pareutum
1026 2021 1061 2079 et
1077 2006 1293 2098 amicorum,
1309 2008 1359 2080 vi-

292 2126 424 2199 delicet
450 2120 616 2195 Balduini
637 2122 683 2195 de
703 2121 888 2212 corboilo,
913 2136 949 2195 et
974 2121 1169 2195 multorum
1188 2122 1357 2213 aliorum,

293 2257 393 2319 carta
404 2239 511 2313 nobis
527 2238 663 2312 firmari
679 2238 840 2311 lecimus.
858 2244 901 2311 In
917 2238 986 2311 hac
1001 2239 1122 2338 itaque
1139 2263 1234 2312 nova
1250 2256 1358 2327 terra,

293 2358 461 2434 videlicet
477 2356 515 2427 in
529 2356 652 2427 medio
663 2355 769 2448 villae,
785 2354 856 2428 loci
863 2354 1086 2427 oblectantes
1099 2356 1357 2447 amoenitatem,

295 2474 501 2549 vividorum
516 2471 674 2543 fontium
689 2486 727 2543 et
740 2471 903 2542 rivorum
925 2470 1192 2543 decurrentium
1205 2472 1361 2571 amplec-

298 2605 413 2665 tentes
427 2586 653 2681 affinitatem,
671 2588 808 2660 curiam
825 2588 1016 2660 honestam
1035 2612 1142 2659 muro
1165 2588 1258 2683 cingi
1282 2588 1363 2659 feci·

298 2732 392 2798 mus,
410 2703 562 2778 domum
583 2703 713 2776 sortem
736 2719 773 2776 et
794 2702 1055 2776 defensabilem
1073 2703 1238 2795 incuria,
1258 2728 1364 2800 gran·

300 2824 408 2914 chiae,
429 2834 465 2892 et
491 2844 641 2917 quaequc
666 2819 863 2891 necessaria
889 2816 1026 2889 ibidem
1055 2819 1215 2892 construi
1241 2817 1364 2891 multis

301 2932 462 3034 expensis
475 2931 674 3004 effecimus.
687 2936 732 3003 Et
743 2930 790 3003 ad
805 2931 1002 3028 superioris
1017 2930 1121 3003 Belsae
1135 2931 1362 3005 relevandam

302 3045 522 3133 ariditatem,
545 3043 681 3115 vivario
705 3041 939 3115 multitudine
954 3042 1109 3141 piscium
1123 3043 1269 3141 copioso
1290 3043 1364 3115 fere

304 3156 504 3228 incircuitu
527 3155 835 3254 perlustravimus.
865 3159 963 3226 Duas
985 3178 1151 3226 carrucas
1176 3155 1214 3227 in
1239 3154 1366 3227 eadem

305 3282 408 3359 terra,
423 3292 536 3339 unam
548 3267 586 3337 in
603 3291 711 3358 nova,
722 3267 873 3339 alteram
887 3267 923 3337 in
941 3266 1088 3364 antiqua
1104 3266 1303 3338 statuimus.
1322 3271 1368 3339 Et

306 3405 380 3479 quac
403 3394 480 3452 tam
503 3378 603 3476 parvi
627 3378 827 3469 constabat,
845 3391 887 3450 ut
911 3376 959 3448 ad
971 3378 1229 3476 quinquaginta
1247 3378 1303 3449 vel
1322 3401 1367 3449 eo

306 3494 456 3595 amplius
481 3518 706 3565 annonarum
737 3492 882 3567 modios
911 3492 1060 3589 singulis
1087 3492 1189 3563 annis
1213 3491 1366 3563 reddere

306 3611 433 3701 valeat,
462 3609 785 3703 augmentavimus.
811 3613 900 3680 Nam
921 3623 959 3680 et
981 3606 1086 3679 illum
1108 3608 1266 3706 priorem
1282 3632 1367 3679 cen-

308 3749 396 3813 sum,
419 3747 534 3820 quem
549 3724 800 3819 parvissimum
817 3720 1032 3811 reddebant,
1056 3720 1291 3812 remittentes,
1317 3734 1369 3792 to-

310 3840 374 3911 tius
393 3852 497 3911 terrae
525 3838 809 3937 campipartem,
833 3853 964 3937 prater
984 3861 1168 3910 carrucam
1192 3835 1238 3908 de
1260 3835 1368 3915 feodo

308 3952 576 4051 majoris,nobis
588 3954 813 4029 retinuimus.
826 3955 896 4042 Qui
906 3979 948 4025 ex
957 3954 1029 4025 hoc
1041 3954 1120 4053 ipso
1128 3951 1371 4050 garrulitatem

310 4070 524 4143 rusticorum
537 4084 575 4141 et
589 4084 733 4143 mutatae
746 4068 1016 4143 consuetudinis
1029 4069 1209 4142 molestias
1221 4068 1371 4141 omnino

311 4208 347 4255 se
363 4184 489 4257 sedare
502 4184 708 4284 spopondit.

351 4400 705 4467 l.Adaestinms.cod.
