3742 5667
439 828 498 886 roa
664 826 832 885 <nouis
850 810 1068 886 courmrrs
1087 828 1138 884 on
1158 827 1295 891 suom.

434 941 562 1034 llloute
575 962 600 1051 ¹,
625 938 681 1030 vir
707 973 873 1031 strenuus
894 974 932 1032 et
954 959 1146 1050 cordatus,
1164 959 1336 1033 audacter
1350 962 1498 1033 militari

440 1099 550 1148 manu
564 1072 809 1173 progrediens,
818 1073 1070 1148 mstellumcui
1086 1099 1220 1147 nomen
1238 1075 1498 1167 Andeliacum¹,

440 1190 682 1293 quorumdam
720 1190 875 1264 factione
907 1191 1001 1263 clam
1036 1192 1185 1266 munitis
1209 1194 1498 1291 propugnandis,

438 1326 584 1383 strenue
601 1307 803 1405 occupavit,
828 1308 1011 1405 fretusque
1036 1310 1129 1404 regis
1148 1308 1328 1407 presidio,
1352 1334 1503 1408 occupa-

439 1444 519 1500 tum
541 1424 776 1497 audacissime
796 1424 966 1513 munivit,
993 1450 1067 1523 quo
1087 1439 1221 1497 terram
1242 1451 1357 1523 usque
1375 1425 1420 1498 ad
1436 1426 1502 1499 flu-

443 1544 540 1615 rium
555 1542 618 1639 qui
640 1540 771 1612 dicitur
796 1538 1006 1627 dudella'‚a
1026 1538 1137 1613 fluvio
1152 1545 1240 1614 Ettae
1264 1566 1377 1639 usque
1394 1542 1501 1615 etiam

440 1657 489 1731 ad
510 1656 799 1728 Pontem-Sancti
825 1656 937 1729 Petri⁸
957 1656 1107 1728 omnino
1132 1656 1315 1754 subjacere
1339 1657 1501 1754 cogebat.

440 1774 512 1863 Qui
530 1771 730 1845 multorum
749 1796 787 1844 se
806 1772 915 1845 etiam
932 1772 1158 1871 superiorum
1181 1774 1296 1845 fretus
1317 1775 1501 1866 comitatu,

440 1888 508 1988 ipsi
524 1888 632 1959 etiam
646 1888 723 1983 regi
735 1887 772 1958 in
789 1888 917 1986 plano'
929 1887 1155 1981 occurrebat,
1172 1888 1384 1961 redeuutem
1407 1891 1506 1962 iure-

442 2005 625 2077 verenter'
636 2002 903 2101 insequebatur,
920 2004 1068 2101 ejusque
1077 2020 1202 2076 terr-aa
1213 2005 1369 2076 termino
1385 2030 1508 2104 supra·

442 2120 614 2219 dictopro
623 2144 687 2192 sua
696 2120 1057 2218 utebatur⁷.Exparte
1065 2123 1173 2193 etiam
1184 2122 1504 2211 Cinomannnmm,

443 2261 528 2309 cum
545 2235 643 2308 idem
655 2260 719 2307 rex
728 2234 882 2308 obsessis
897 2235 935 2306 in
951 2249 1052 2307 turre
1069 2236 1244 2308 Alenciaci
1260 2238 1509 2337 castri⁸prasi-
1630 2222 1637 2231 ⁶
1728 2220 1729 2231 ἵ

443 2350 605 2423 diaferre
618 2376 703 2423 cum
715 2351 846 2424 comite
861 2350 1070 2424 Theobaldo
1083 2352 1198 2424 multa
1213 2378 1316 2425 mora
1335 2353 1510 2426 decrevis-

403 2506 410 2528 ·
444 2468 689 2560 set‚acomite
701 2465 854 2541 Fulcoue
866 2465 1049 2564 repulsam
1061 2466 1230 2560 referens,
1244 2468 1510 2543 etmultossuo-

443 2611 526 2656 rum
541 2601 673 2656 etcum
688 2581 847 2673 castello,
861 2607 906 2655 eo
916 2582 1091 2677 inglorius
1110 2584 1217 2671 sacto,
1234 2585 1360 2657 turrim
1376 2587 1506 2659 amisit.

494 2703 657 2797 Cumque
691 2699 747 2771 his
780 2713 816 2770 et
847 2697 978 2770 talibus
1009 2697 1125 2773 multo
1157 2716 1318 2800 tempore
1349 2702 1509 2774 anxiatus

444 2841 536 2914 pene
552 2816 590 2887 in
605 2816 738 2887 imum'
754 2814 981 2905 declinasset,
999 2840 1084 2887 cum
1097 2816 1173 2913 jam
1194 2816 1314 2889 divina
1329 2818 1510 2917 propitia-

446 2932 497 3003 tio
525 2931 616 3003 dure
642 2928 816 3026 flagellato
854 2944 890 3002 et
921 2928 1178 3031 aliquantisper
1207 2934 1377 3029 castigato
1407 2936 1510 3029 (erat

446 3059 543 3129 euim
579 3055 809 3128 ecclesiarum
840 3054 997 3127 liberalis
1031 3055 1163 3129 ditator
1194 3074 1230 3131 et
1261 3058 1510 3156 eleemosyna·

446 3196 528 3243 rum
557 3170 701 3268 dapsilis
725 3171 967 3267 dispensator,
993 3171 1056 3243 sed
1072 3172 1245 3271 lascivus)
1268 3198 1413 3273 parcere
1431 3190 1468 3245 et
1488 3198 1511 3245 a

445 3298 544 3359 tanta
568 3311 653 3359 eum
677 3285 906 3385 depressione
928 3286 1207 3362 misericorditer
1237 3289 1423 3362 sublevare
1448 3289 1512 3361 de·

446 3404 627 3494 crevisset,
640 3427 684 3475 ex
699 3402 878 3499 insperato
900 3400 1142 3477 inferioritatis
1164 3407 1241 3503 ejus
1263 3405 1456 3477 adversitas
1473 3404 1511 3477 in

489 3612 519 3668 1.
550 3606 636 3665 Forte
650 3605 984 3665 chaumont-effectu.

489 3703 519 3759 2.
536 3698 632 3758 Hodie
646 3706 702 3759 Les
711 3701 850 3776 Andelys.
867 3730 908 3743 -
926 3702 956 3757 3.
973 3702 1086 3758 Andela
1099 3702 1189 3761 6265.

488 3795 517 3854 4.
537 3796 620 3852 Nunc
633 3792 720 3852 etiam
733 3797 1024 3869 ponimini-Pione,
1036 3814 1130 3875 prope
1143 3794 1275 3854 eamdem
1290 3792 1405 3855 urbem.

404 3935 408 3947 .
492 3890 524 3947 5.
534 3892 571 3946 ln
580 3891 693 3963 palatio
705 3890 794 3948 6265.

491 3986 520 4042 6.
534 3988 727 4043 [neomuto
740 3986 812 4044 135.
826 4018 867 4033 -
878 3992 1046 4046 Reverenter
1059 3983 1128 4043 edd.
1142 3986 1242 4044 Germ.
1258 4004 1293 4043 ac
1304 3982 1409 4047 chesn.

489 4081 521 4135 t.
533 4075 581 4135 Sic
595 4077 653 4136 136
666 4089 696 4137 et
708 4078 776 4138 edd.
789 4111 829 4125 -
843 4077 958 4142 Terram
973 4084 1090 4138 termino
1103 4082 1267 4155 supradicto
1277 4100 1331 4155 pro
1343 4098 1396 4137 sua
1407 4076 1512 4137 uteba·

449 4185 499 4228 tur
508 4172 578 4242 543,
595 4172 693 4229 12710
707 4183 737 4231 et
758 4174 849 4234 5925.
866 4207 905 4220 -
919 4178 1008 4231 Terra
1021 4176 1051 4237 iu
1063 4178 1181 4231 termino
1200 4176 1361 4251 supradicto
1372 4180 1445 4231 sicut
1456 4194 1511 4231 auo

453 4262 584 4321 utebatur
597 4266 688 4324 6265.

493 4360 522 4419 8.
536 4361 620 4415 Anno
636 4361 727 4428 1118,
738 4377 835 4419 mense
847 4358 1007 4431 decembri,
1016 4358 1164 4421 obsessum
1178 4370 1241 4420 erat
1252 4359 1447 4422 Alenciacnm.
1464 4358 1509 4420 Cl.

452 4448 583 4509 Orderici
597 4448 699 4511 Vitalis
709 4450 872 4524 historiam,
885 4450 938 4513 lib.
954 4454 1025 4513 XII.

493 4548 523 4603 9.
539 4548 574 4604 Irr
588 4564 674 4602 arrum
687 4545 755 4609 edd.
771 4547 870 4605 Germ.
886 4556 916 4605 et
926 4543 1031 4608 Chesn.
