<?xml version="1.0" encoding="UTF-8"?>
<!DOCTYPE html PUBLIC "-//W3C//DTD XHTML 1.0 Transitional//EN"
    "http://www.w3.org/TR/xhtml1/DTD/xhtml1-transitional.dtd">
<html xmlns="http://www.w3.org/1999/xhtml" xml:lang="en" lang="en">
 <head>
  <title>
</title>
<meta http-equiv="Content-Type" content="text/html;charset=utf-8" />
  <meta name='ocr-system' content='tesseract 3.04.00' />
  <meta name='ocr-capabilities' content='ocr_page ocr_carea ocr_par ocr_line ocrx_word'/>
</head>
<body>
  <div class='ocr_page' id='page_1' title='image "./oeuvrescompltes00sugegoog_0282.png"; bbox 0 0 3742 5667; ppageno 0'>
   <div class='ocr_carea' id='block_1_1' title="bbox 496 734 1340 813">
    <p class='ocr_par' dir='ltr' id='par_1_1' title="bbox 496 734 1340 813">
     <span class='ocr_line' id='line_1_1' title="bbox 496 734 1340 813; baseline -0.005 0"><span class='ocrx_word' id='word_1_1' title='bbox 496 756 554 813; x_wconf 77' lang='lat' dir='ltr'><strong>ru</strong></span> <span class='ocrx_word' id='word_1_2' title='bbox 716 749 878 809; x_wconf 81' lang='lat' dir='ltr'><strong>movars</strong></span> <span class='ocrx_word' id='word_1_3' title='bbox 899 734 1114 811; x_wconf 75' lang='lat' dir='ltr'><strong>courrieres</strong></span> <span class='ocrx_word' id='word_1_4' title='bbox 1135 753 1186 809; x_wconf 82' lang='lat' dir='ltr'><strong>nn</strong></span> <span class='ocrx_word' id='word_1_5' title='bbox 1205 750 1340 809; x_wconf 81' lang='lat' dir='ltr'><strong>sucas.</strong></span> 
     </span>
    </p>
   </div>
   <div class='ocr_carea' id='block_1_2' title="bbox 414 882 1561 3992">
    <p class='ocr_par' dir='ltr' id='par_1_2' title="bbox 414 882 1561 3992">
     <span class='ocr_line' id='line_1_2' title="bbox 495 882 1555 981; baseline -0.007 -22"><span class='ocrx_word' id='word_1_6' title='bbox 495 884 767 960; x_wconf 80' lang='lat' dir='ltr'><strong>elaboravimus.</strong></span> <span class='ocrx_word' id='word_1_7' title='bbox 789 884 962 973; x_wconf 80' lang='lat' dir='ltr'><strong>Quamuis</strong></span> <span class='ocrx_word' id='word_1_8' title='bbox 985 885 1082 957; x_wconf 88' lang='lat' dir='ltr'><strong>enim</strong></span> <span class='ocrx_word' id='word_1_9' title='bbox 1108 884 1295 957; x_wconf 73' lang='lat' dir='ltr'><strong>occasione</strong></span> <span class='ocrx_word' id='word_1_10' title='bbox 1317 882 1555 981; x_wconf 82' lang='lat' dir='ltr'><strong>querulorum</strong></span> 
     </span>
     <span class='ocr_line' id='line_1_3' title="bbox 493 995 1556 1101; baseline -0.006 -27"><span class='ocrx_word' id='word_1_11' title='bbox 493 1002 750 1075; x_wconf 86' lang='lat' dir='ltr'><strong>canonicorum</strong></span> <span class='ocrx_word' id='word_1_12' title='bbox 774 999 820 1072; x_wconf 86' lang='lat' dir='ltr'><strong>ad</strong></span> <span class='ocrx_word' id='word_1_13' title='bbox 844 1024 907 1071; x_wconf 86' lang='lat' dir='ltr'><strong>vos</strong></span> <span class='ocrx_word' id='word_1_14' title='bbox 932 998 1247 1101; x_wconf 82' lang='lat' dir='ltr'><strong>proficiscentium,</strong></span> <span class='ocrx_word' id='word_1_15' title='bbox 1266 1022 1311 1070; x_wconf 90' lang='lat' dir='ltr'><strong>eo</strong></span> <span class='ocrx_word' id='word_1_16' title='bbox 1337 996 1437 1095; x_wconf 91' lang='lat' dir='ltr'><strong>qnod</strong></span> <span class='ocrx_word' id='word_1_17' title='bbox 1452 995 1556 1069; x_wconf 87' lang='lat' dir='ltr'><strong>ouria</strong></span> 
     </span>
     <span class='ocr_line' id='line_1_4' title="bbox 494 1111 1552 1216; baseline -0.004 -28"><span class='ocrx_word' id='word_1_18' title='bbox 494 1141 644 1189; x_wconf 89' lang='lat' dir='ltr'><strong>romana</strong></span> <span class='ocrx_word' id='word_1_19' title='bbox 655 1117 841 1189; x_wconf 89' lang='lat' dir='ltr'><strong>consuevit</strong></span> <span class='ocrx_word' id='word_1_20' title='bbox 853 1116 1048 1216; x_wconf 88' lang='lat' dir='ltr'><strong>aliquando</strong></span> <span class='ocrx_word' id='word_1_21' title='bbox 1063 1114 1177 1213; x_wconf 89' lang='lat' dir='ltr'><strong>(quod</strong></span> <span class='ocrx_word' id='word_1_22' title='bbox 1187 1131 1292 1213; x_wconf 83' lang='lat' dir='ltr'><strong>turpe</strong></span> <span class='ocrx_word' id='word_1_23' title='bbox 1302 1139 1376 1187; x_wconf 89' lang='lat' dir='ltr'><strong>uon</strong></span> <span class='ocrx_word' id='word_1_24' title='bbox 1385 1111 1455 1214; x_wconf 83' lang='lat' dir='ltr'><strong>est)</strong></span> <span class='ocrx_word' id='word_1_25' title='bbox 1464 1137 1552 1185; x_wconf 91' lang='lat' dir='ltr'><strong>cum</strong></span> 
     </span>
     <span class='ocr_line' id='line_1_5' title="bbox 495 1227 1554 1325; baseline -0.004 -22"><span class='ocrx_word' id='word_1_26' title='bbox 495 1245 699 1303; x_wconf 90' lang='lat' dir='ltr'><strong>remutare</strong></span> <span class='ocrx_word' id='word_1_27' title='bbox 725 1230 934 1325; x_wconf 89' lang='lat' dir='ltr'><strong>consilium,</strong></span> <span class='ocrx_word' id='word_1_28' title='bbox 965 1230 1116 1304; x_wconf 78' lang='lat' dir='ltr'><strong>discrete</strong></span> <span class='ocrx_word' id='word_1_29' title='bbox 1144 1229 1423 1319; x_wconf 81' lang='lat' dir='ltr'><strong>distulissemus,</strong></span> <span class='ocrx_word' id='word_1_30' title='bbox 1452 1227 1554 1301; x_wconf 81' lang='lat' dir='ltr'><strong>nulla</strong></span> 
     </span>
     <span class='ocr_line' id='line_1_6' title="bbox 496 1344 1554 1441; baseline -0.004 -22"><span class='ocrx_word' id='word_1_31' title='bbox 496 1362 616 1419; x_wconf 86' lang='lat' dir='ltr'><strong>tamen</strong></span> <span class='ocrx_word' id='word_1_32' title='bbox 633 1344 955 1419; x_wconf 75' lang='lat' dir='ltr'><strong>contradicentium</strong></span> <span class='ocrx_word' id='word_1_33' title='bbox 972 1345 1150 1420; x_wconf 78' lang='lat' dir='ltr'><strong>nobilium</strong></span> <span class='ocrx_word' id='word_1_34' title='bbox 1162 1361 1224 1417; x_wconf 91' lang='lat' dir='ltr'><strong>aut</strong></span> <span class='ocrx_word' id='word_1_35' title='bbox 1241 1344 1468 1441; x_wconf 82' lang='lat' dir='ltr'><strong>ignobilium¹</strong></span> <span class='ocrx_word' id='word_1_36' title='bbox 1481 1344 1554 1416; x_wconf 89' lang='lat' dir='ltr'><strong>cle·</strong></span> 
     </span>
     <span class='ocr_line' id='line_1_7' title="bbox 495 1462 1554 1563; baseline -0.006 -26"><span class='ocrx_word' id='word_1_37' title='bbox 495 1466 655 1537; x_wconf 67' lang='lat' dir='ltr'><strong>risurum</strong></span> <span class='ocrx_word' id='word_1_38' title='bbox 680 1487 743 1535; x_wconf 90' lang='lat' dir='ltr'><strong>seu</strong></span> <span class='ocrx_word' id='word_1_39' title='bbox 766 1462 939 1536; x_wconf 88' lang='lat' dir='ltr'><strong>laicorum</strong></span> <span class='ocrx_word' id='word_1_40' title='bbox 961 1464 1189 1563; x_wconf 89' lang='lat' dir='ltr'><strong>oppositione</strong></span> <span class='ocrx_word' id='word_1_41' title='bbox 1210 1478 1403 1561; x_wconf 84' lang='lat' dir='ltr'><strong>tepescere,</strong></span> <span class='ocrx_word' id='word_1_42' title='bbox 1427 1475 1490 1533; x_wconf 91' lang='lat' dir='ltr'><strong>ant</strong></span> <span class='ocrx_word' id='word_1_43' title='bbox 1516 1462 1554 1533; x_wconf 90' lang='lat' dir='ltr'><strong>in</strong></span> 
     </span>
     <span class='ocr_line' id='line_1_8' title="bbox 496 1576 1552 1677; baseline -0.003 -27"><span class='ocrx_word' id='word_1_44' title='bbox 496 1578 616 1675; x_wconf 92' lang='lat' dir='ltr'><strong>aliquo</strong></span> <span class='ocrx_word' id='word_1_45' title='bbox 629 1602 735 1677; x_wconf 86' lang='lat' dir='ltr'><strong>super</strong></span> <span class='ocrx_word' id='word_1_46' title='bbox 748 1576 818 1650; x_wconf 86' lang='lat' dir='ltr'><strong>hoc</strong></span> <span class='ocrx_word' id='word_1_47' title='bbox 831 1578 910 1676; x_wconf 93' lang='lat' dir='ltr'><strong>ipso</strong></span> <span class='ocrx_word' id='word_1_48' title='bbox 922 1579 1100 1651; x_wconf 89' lang='lat' dir='ltr'><strong>remissius</strong></span> <span class='ocrx_word' id='word_1_49' title='bbox 1112 1576 1244 1651; x_wconf 83' lang='lat' dir='ltr'><strong>habere</strong></span> <span class='ocrx_word' id='word_1_50' title='bbox 1252 1576 1527 1650; x_wconf 85' lang='lat' dir='ltr'><strong>decreveramus</strong></span> <span class='ocrx_word' id='word_1_51' title='bbox 1542 1602 1552 1647; x_wconf 76' lang='lat' dir='ltr'><strong><em>z</em></strong></span> 
     </span>
     <span class='ocr_line' id='line_1_9' title="bbox 495 1691 1555 1791; baseline -0.002 -25"><span class='ocrx_word' id='word_1_52' title='bbox 495 1718 578 1766; x_wconf 87' lang='lat' dir='ltr'><strong>cum</strong></span> <span class='ocrx_word' id='word_1_53' title='bbox 596 1691 727 1785; x_wconf 91' lang='lat' dir='ltr'><strong>subito,</strong></span> <span class='ocrx_word' id='word_1_54' title='bbox 744 1693 907 1790; x_wconf 83' lang='lat' dir='ltr'><strong>proxima</strong></span> <span class='ocrx_word' id='word_1_55' title='bbox 932 1692 992 1766; x_wconf 89' lang='lat' dir='ltr'><strong>die</strong></span> <span class='ocrx_word' id='word_1_56' title='bbox 1015 1694 1088 1766; x_wconf 87' lang='lat' dir='ltr'><strong>iere</strong></span> <span class='ocrx_word' id='word_1_57' title='bbox 1113 1694 1218 1767; x_wconf 87' lang='lat' dir='ltr'><strong>tertia</strong></span> <span class='ocrx_word' id='word_1_58' title='bbox 1242 1708 1306 1767; x_wconf 85' lang='lat' dir='ltr'><strong>aut</strong></span> <span class='ocrx_word' id='word_1_59' title='bbox 1332 1709 1461 1790; x_wconf 84' lang='lat' dir='ltr'><strong>quarta</strong></span> <span class='ocrx_word' id='word_1_60' title='bbox 1482 1717 1555 1791; x_wconf 88' lang='lat' dir='ltr'><strong>qua</strong></span> 
     </span>
     <span class='ocr_line' id='line_1_10' title="bbox 496 1807 1557 1904; baseline 0.002 -25"><span class='ocrx_word' id='word_1_61' title='bbox 496 1808 718 1904; x_wconf 74' lang='lat' dir='ltr'><strong>designatum</strong></span> <span class='ocrx_word' id='word_1_62' title='bbox 738 1807 907 1881; x_wconf 88' lang='lat' dir='ltr'><strong>abbatem</strong></span> <span class='ocrx_word' id='word_1_63' title='bbox 937 1824 973 1881; x_wconf 90' lang='lat' dir='ltr'><strong>et</strong></span> <span class='ocrx_word' id='word_1_64' title='bbox 995 1809 1191 1882; x_wconf 92' lang='lat' dir='ltr'><strong>monachos</strong></span> <span class='ocrx_word' id='word_1_65' title='bbox 1213 1810 1250 1881; x_wconf 90' lang='lat' dir='ltr'><strong>in</strong></span> <span class='ocrx_word' id='word_1_66' title='bbox 1266 1808 1413 1881; x_wconf 88' lang='lat' dir='ltr'><strong>ecclesia</strong></span> <span class='ocrx_word' id='word_1_67' title='bbox 1428 1808 1557 1882; x_wconf 85' lang='lat' dir='ltr'><strong>cadem</strong></span> 
     </span>
     <span class='ocr_line' id='line_1_11' title="bbox 495 1923 1557 2024; baseline 0 -27"><span class='ocrx_word' id='word_1_68' title='bbox 495 1949 628 2024; x_wconf 89' lang='lat' dir='ltr'><strong>ponere</strong></span> <span class='ocrx_word' id='word_1_69' title='bbox 640 1947 955 2023; x_wconf 86' lang='lat' dir='ltr'><strong>proposueramus,</strong></span> <span class='ocrx_word' id='word_1_70' title='bbox 967 1950 1049 1997; x_wconf 90' lang='lat' dir='ltr'><strong>ecce</strong></span> <span class='ocrx_word' id='word_1_71' title='bbox 1057 1923 1192 2023; x_wconf 87' lang='lat' dir='ltr'><strong>praelati</strong></span> <span class='ocrx_word' id='word_1_72' title='bbox 1201 1925 1376 2016; x_wconf 89' lang='lat' dir='ltr'><strong>canonici,</strong></span> <span class='ocrx_word' id='word_1_73' title='bbox 1390 1924 1557 1998; x_wconf 83' lang='lat' dir='ltr'><strong>videlicet</strong></span> 
     </span>
     <span class='ocr_line' id='line_1_12' title="bbox 496 2040 1556 2142; baseline -0.002 -29"><span class='ocrx_word' id='word_1_74' title='bbox 496 2056 622 2142; x_wconf 84' lang='lat' dir='ltr'><strong>cantor</strong></span> <span class='ocrx_word' id='word_1_75' title='bbox 635 2054 668 2112; x_wconf 96' lang='lat' dir='ltr'><strong>et</strong></span> <span class='ocrx_word' id='word_1_76' title='bbox 687 2040 760 2133; x_wconf 88' lang='lat' dir='ltr'><strong>alii,</strong></span> <span class='ocrx_word' id='word_1_77' title='bbox 779 2066 800 2112; x_wconf 89' lang='lat' dir='ltr'><strong>a</strong></span> <span class='ocrx_word' id='word_1_78' title='bbox 820 2040 910 2115; x_wconf 87' lang='lat' dir='ltr'><strong>lacie</strong></span> <span class='ocrx_word' id='word_1_79' title='bbox 931 2056 1047 2116; x_wconf 82' lang='lat' dir='ltr'><strong>vestra</strong></span> <span class='ocrx_word' id='word_1_80' title='bbox 1068 2040 1269 2132; x_wconf 89' lang='lat' dir='ltr'><strong>redeuntes,</strong></span> <span class='ocrx_word' id='word_1_81' title='bbox 1291 2056 1463 2113; x_wconf 88' lang='lat' dir='ltr'><strong>mutatam</strong></span> <span class='ocrx_word' id='word_1_82' title='bbox 1484 2064 1556 2140; x_wconf 89' lang='lat' dir='ltr'><strong>pro</strong></span> 
     </span>
     <span class='ocr_line' id='line_1_13' title="bbox 495 2152 1556 2253; baseline 0.004 -28"><span class='ocrx_word' id='word_1_83' title='bbox 495 2152 596 2226; x_wconf 91' lang='lat' dir='ltr'><strong>bono</strong></span> <span class='ocrx_word' id='word_1_84' title='bbox 623 2155 721 2252; x_wconf 82' lang='lat' dir='ltr'><strong>pacis</strong></span> <span class='ocrx_word' id='word_1_85' title='bbox 747 2157 961 2230; x_wconf 90' lang='lat' dir='ltr'><strong>sententiam</strong></span> <span class='ocrx_word' id='word_1_86' title='bbox 991 2158 1027 2229; x_wconf 91' lang='lat' dir='ltr'><strong>in</strong></span> <span class='ocrx_word' id='word_1_87' title='bbox 1055 2158 1312 2229; x_wconf 80' lang='lat' dir='ltr'><strong>canonicorum</strong></span> <span class='ocrx_word' id='word_1_88' title='bbox 1337 2156 1556 2253; x_wconf 71' lang='lat' dir='ltr'><strong>regularium</strong></span> 
     </span>
     <span class='ocr_line' id='line_1_14' title="bbox 497 2269 1558 2371; baseline 0.005 -31"><span class='ocrx_word' id='word_1_89' title='bbox 497 2269 674 2369; x_wconf 89' lang='lat' dir='ltr'><strong>positione</strong></span> <span class='ocrx_word' id='word_1_90' title='bbox 689 2270 794 2344; x_wconf 91' lang='lat' dir='ltr'><strong>nobis</strong></span> <span class='ocrx_word' id='word_1_91' title='bbox 811 2270 1076 2346; x_wconf 81' lang='lat' dir='ltr'><strong>reddiderunr&#39;.</strong></span> <span class='ocrx_word' id='word_1_92' title='bbox 1096 2276 1167 2344; x_wconf 89' lang='lat' dir='ltr'><strong>Nos</strong></span> <span class='ocrx_word' id='word_1_93' title='bbox 1180 2286 1297 2345; x_wconf 89' lang='lat' dir='ltr'><strong>autem</strong></span> <span class='ocrx_word' id='word_1_94' title='bbox 1312 2296 1412 2371; x_wconf 83' lang='lat' dir='ltr'><strong>aeque</strong></span> <span class='ocrx_word' id='word_1_95' title='bbox 1426 2272 1558 2345; x_wconf 82' lang='lat' dir='ltr'><strong>devote</strong></span> 
     </span>
     <span class='ocr_line' id='line_1_15' title="bbox 497 2387 1559 2487; baseline 0.005 -31"><span class='ocrx_word' id='word_1_96' title='bbox 497 2410 538 2457; x_wconf 88' lang='lat' dir='ltr'><strong>ac</strong></span> <span class='ocrx_word' id='word_1_97' title='bbox 554 2398 732 2479; x_wconf 82' lang='lat' dir='ltr'><strong>gratanter</strong></span> <span class='ocrx_word' id='word_1_98' title='bbox 756 2388 950 2459; x_wconf 86' lang='lat' dir='ltr'><strong>secundam</strong></span> <span class='ocrx_word' id='word_1_99' title='bbox 973 2388 1058 2460; x_wconf 92' lang='lat' dir='ltr'><strong>acsi</strong></span> <span class='ocrx_word' id='word_1_100' title='bbox 1079 2389 1232 2487; x_wconf 89' lang='lat' dir='ltr'><strong>primam</strong></span> <span class='ocrx_word' id='word_1_101' title='bbox 1248 2387 1460 2486; x_wconf 86' lang='lat' dir='ltr'><strong>recipientes</strong></span> <span class='ocrx_word' id='word_1_102' title='bbox 1474 2412 1559 2460; x_wconf 88' lang='lat' dir='ltr'><strong>sen·</strong></span> 
     </span>
     <span class='ocr_line' id='line_1_16' title="bbox 498 2501 1558 2603; baseline 0.002 -29"><span class='ocrx_word' id='word_1_103' title='bbox 498 2502 660 2594; x_wconf 86' lang='lat' dir='ltr'><strong>tentiam,</strong></span> <span class='ocrx_word' id='word_1_104' title='bbox 671 2504 859 2603; x_wconf 87' lang='lat' dir='ltr'><strong>assumptis</strong></span> <span class='ocrx_word' id='word_1_105' title='bbox 872 2502 1060 2577; x_wconf 88' lang='lat' dir='ltr'><strong>nobiscum</strong></span> <span class='ocrx_word' id='word_1_106' title='bbox 1073 2501 1558 2603; x_wconf 84' lang='lat' dir='ltr'><strong>venerabilibusetsapienti-</strong></span> 
     </span>
     <span class='ocr_line' id='line_1_17' title="bbox 497 2615 1559 2710; baseline 0.005 -23"><span class='ocrx_word' id='word_1_107' title='bbox 497 2615 566 2688; x_wconf 92' lang='lat' dir='ltr'><strong>bus</strong></span> <span class='ocrx_word' id='word_1_108' title='bbox 577 2618 673 2708; x_wconf 87' lang='lat' dir='ltr'><strong>viris,</strong></span> <span class='ocrx_word' id='word_1_109' title='bbox 690 2617 854 2691; x_wconf 85' lang='lat' dir='ltr'><strong>videlicet</strong></span> <span class='ocrx_word' id='word_1_110' title='bbox 865 2618 995 2692; x_wconf 87' lang='lat' dir='ltr'><strong>abbate</strong></span> <span class='ocrx_word' id='word_1_111' title='bbox 1004 2620 1122 2691; x_wconf 89' lang='lat' dir='ltr'><strong>Sancti</strong></span> <span class='ocrx_word' id='word_1_112' title='bbox 1132 2619 1317 2710; x_wconf 88' lang='lat' dir='ltr'><strong>Germani,</strong></span> <span class='ocrx_word' id='word_1_113' title='bbox 1327 2620 1447 2691; x_wconf 84' lang='lat' dir='ltr'><strong>Sancti</strong></span> <span class='ocrx_word' id='word_1_114' title='bbox 1464 2621 1559 2692; x_wconf 85' lang='lat' dir='ltr'><strong>Petri</strong></span> 
     </span>
     <span class='ocr_line' id='line_1_18' title="bbox 497 2734 1558 2830; baseline 0.005 -28"><span class='ocrx_word' id='word_1_115' title='bbox 497 2734 724 2821; x_wconf 86' lang='lat' dir='ltr'><strong>Fossateusis,</strong></span> <span class='ocrx_word' id='word_1_116' title='bbox 738 2735 856 2806; x_wconf 87' lang='lat' dir='ltr'><strong>Sancti</strong></span> <span class='ocrx_word' id='word_1_117' title='bbox 867 2734 1041 2830; x_wconf 83' lang='lat' dir='ltr'><strong>Maglorii,</strong></span> <span class='ocrx_word' id='word_1_118' title='bbox 1057 2738 1174 2808; x_wconf 87' lang='lat' dir='ltr'><strong>Sancti</strong></span> <span class='ocrx_word' id='word_1_119' title='bbox 1193 2736 1287 2807; x_wconf 91' lang='lat' dir='ltr'><strong>Petri</strong></span> <span class='ocrx_word' id='word_1_120' title='bbox 1301 2735 1347 2809; x_wconf 91' lang='lat' dir='ltr'><strong>de</strong></span> <span class='ocrx_word' id='word_1_121' title='bbox 1359 2735 1558 2823; x_wconf 83' lang='lat' dir='ltr'><strong>Ferrariis¹,</strong></span> 
     </span>
     <span class='ocr_line' id='line_1_19' title="bbox 414 2847 1558 2948; baseline 0.003 -29"><span class='ocrx_word' id='word_1_122' title='bbox 414 2868 419 2877; x_wconf 91' lang='grc'><strong><em>·</em></strong></span> <span class='ocrx_word' id='word_1_123' title='bbox 497 2861 531 2919; x_wconf 90' lang='lat' dir='ltr'><strong>et</strong></span> <span class='ocrx_word' id='word_1_124' title='bbox 548 2848 624 2919; x_wconf 84' lang='lat' dir='ltr'><strong>aliis</strong></span> <span class='ocrx_word' id='word_1_125' title='bbox 634 2847 679 2919; x_wconf 89' lang='lat' dir='ltr'><strong>de</strong></span> <span class='ocrx_word' id='word_1_126' title='bbox 688 2848 900 2921; x_wconf 88' lang='lat' dir='ltr'><strong>melioribus</strong></span> <span class='ocrx_word' id='word_1_127' title='bbox 914 2853 1077 2948; x_wconf 90' lang='lat' dir='ltr'><strong>personis</strong></span> <span class='ocrx_word' id='word_1_128' title='bbox 1086 2852 1323 2923; x_wconf 87' lang='lat' dir='ltr'><strong>assistentium</strong></span> <span class='ocrx_word' id='word_1_129' title='bbox 1338 2851 1558 2939; x_wconf 85' lang='lat' dir='ltr'><strong>vicinorum,</strong></span> 
     </span>
     <span class='ocr_line' id='line_1_20' title="bbox 497 2961 1559 3057; baseline 0.006 -24"><span class='ocrx_word' id='word_1_130' title='bbox 497 2961 544 3034; x_wconf 91' lang='lat' dir='ltr'><strong>ad</strong></span> <span class='ocrx_word' id='word_1_131' title='bbox 572 2962 728 3035; x_wconf 88' lang='lat' dir='ltr'><strong>eundem</strong></span> <span class='ocrx_word' id='word_1_132' title='bbox 755 2967 890 3036; x_wconf 79' lang='lat' dir='ltr'><strong>sanctae</strong></span> <span class='ocrx_word' id='word_1_133' title='bbox 909 2966 1098 3038; x_wconf 82' lang='lat' dir='ltr'><strong>Genovelae</strong></span> <span class='ocrx_word' id='word_1_134' title='bbox 1119 2966 1239 3038; x_wconf 89' lang='lat' dir='ltr'><strong>locum</strong></span> <span class='ocrx_word' id='word_1_135' title='bbox 1262 2965 1559 3057; x_wconf 77' lang='lat' dir='ltr'><strong>acceleravimus3</strong></span> 
     </span>
     <span class='ocr_line' id='line_1_21' title="bbox 498 3077 1561 3181; baseline 0.007 -32"><span class='ocrx_word' id='word_1_136' title='bbox 498 3077 587 3149; x_wconf 91' lang='lat' dir='ltr'><strong>etin</strong></span> <span class='ocrx_word' id='word_1_137' title='bbox 604 3078 761 3175; x_wconf 84' lang='lat' dir='ltr'><strong>capitulo</strong></span> <span class='ocrx_word' id='word_1_138' title='bbox 782 3102 922 3172; x_wconf 90' lang='lat' dir='ltr'><strong>eorum,</strong></span> <span class='ocrx_word' id='word_1_139' title='bbox 946 3082 1035 3179; x_wconf 91' lang='lat' dir='ltr'><strong>quid</strong></span> <span class='ocrx_word' id='word_1_140' title='bbox 1058 3108 1165 3181; x_wconf 86' lang='lat' dir='ltr'><strong>super</strong></span> <span class='ocrx_word' id='word_1_141' title='bbox 1179 3082 1249 3155; x_wconf 90' lang='lat' dir='ltr'><strong>hoc</strong></span> <span class='ocrx_word' id='word_1_142' title='bbox 1273 3097 1447 3174; x_wconf 82' lang='lat' dir='ltr'><strong>extremo,</strong></span> <span class='ocrx_word' id='word_1_143' title='bbox 1467 3083 1561 3181; x_wconf 90' lang='lat' dir='ltr'><strong>quid</strong></span> 
     </span>
     <span class='ocr_line' id='line_1_22' title="bbox 498 3192 1561 3293; baseline 0.009 -32"><span class='ocrx_word' id='word_1_144' title='bbox 498 3215 604 3289; x_wconf 90' lang='lat' dir='ltr'><strong>super</strong></span> <span class='ocrx_word' id='word_1_145' title='bbox 628 3192 746 3292; x_wconf 87' lang='lat' dir='ltr'><strong>primo</strong></span> <span class='ocrx_word' id='word_1_146' title='bbox 771 3196 941 3293; x_wconf 88' lang='lat' dir='ltr'><strong>capitulo,</strong></span> <span class='ocrx_word' id='word_1_147' title='bbox 972 3196 1168 3270; x_wconf 87' lang='lat' dir='ltr'><strong>secundum</strong></span> <span class='ocrx_word' id='word_1_148' title='bbox 1191 3214 1354 3270; x_wconf 89' lang='lat' dir='ltr'><strong>tenorem</strong></span> <span class='ocrx_word' id='word_1_149' title='bbox 1374 3200 1561 3271; x_wconf 89' lang='lat' dir='ltr'><strong>literarum</strong></span> 
     </span>
     <span class='ocr_line' id='line_1_23' title="bbox 453 3308 1558 3413; baseline 0.009 -36"><span class='ocrx_word' id='word_1_150' title='bbox 453 3308 457 3317; x_wconf 88' lang='lat'>&#39;</span> <span class='ocrx_word' id='word_1_151' title='bbox 498 3331 586 3404; x_wconf 89' lang='lat' dir='ltr'><strong>quas</strong></span> <span class='ocrx_word' id='word_1_152' title='bbox 600 3308 706 3381; x_wconf 91' lang='lat' dir='ltr'><strong>nobis</strong></span> <span class='ocrx_word' id='word_1_153' title='bbox 721 3309 937 3407; x_wconf 89' lang='lat' dir='ltr'><strong>detulerunt,</strong></span> <span class='ocrx_word' id='word_1_154' title='bbox 954 3316 1123 3413; x_wconf 91' lang='lat' dir='ltr'><strong>prosequi</strong></span> <span class='ocrx_word' id='word_1_155' title='bbox 1133 3314 1278 3404; x_wconf 84' lang='lat' dir='ltr'><strong>vellent,</strong></span> <span class='ocrx_word' id='word_1_156' title='bbox 1292 3316 1453 3387; x_wconf 90' lang='lat' dir='ltr'><strong>consulte</strong></span> <span class='ocrx_word' id='word_1_157' title='bbox 1467 3341 1558 3387; x_wconf 89' lang='lat' dir='ltr'><strong>con-</strong></span> 
     </span>
     <span class='ocr_line' id='line_1_24' title="bbox 498 3424 1558 3522; baseline 0.008 -26"><span class='ocrx_word' id='word_1_158' title='bbox 498 3424 673 3497; x_wconf 86' lang='lat' dir='ltr'><strong>venimus.</strong></span> <span class='ocrx_word' id='word_1_159' title='bbox 700 3427 783 3518; x_wconf 88' lang='lat' dir='ltr'><strong>Qui,</strong></span> <span class='ocrx_word' id='word_1_160' title='bbox 813 3443 854 3499; x_wconf 90' lang='lat' dir='ltr'><strong>ut</strong></span> <span class='ocrx_word' id='word_1_161' title='bbox 879 3446 980 3501; x_wconf 89' lang='lat' dir='ltr'><strong>erant</strong></span> <span class='ocrx_word' id='word_1_162' title='bbox 1006 3429 1151 3522; x_wconf 87' lang='lat' dir='ltr'><strong>diversi,</strong></span> <span class='ocrx_word' id='word_1_163' title='bbox 1184 3430 1323 3504; x_wconf 84' lang='lat' dir='ltr'><strong>diversa</strong></span> <span class='ocrx_word' id='word_1_164' title='bbox 1349 3434 1558 3522; x_wconf 88' lang='lat' dir='ltr'><strong>sentientes,</strong></span> 
     </span>
     <span class='ocr_line' id='line_1_25' title="bbox 498 3545 1561 3645; baseline 0.008 -36"><span class='ocrx_word' id='word_1_165' title='bbox 498 3562 582 3610; x_wconf 91' lang='lat' dir='ltr'><strong>eum</strong></span> <span class='ocrx_word' id='word_1_166' title='bbox 601 3555 662 3613; x_wconf 88' lang='lat' dir='ltr'><strong>aut</strong></span> <span class='ocrx_word' id='word_1_167' title='bbox 675 3555 794 3614; x_wconf 90' lang='lat' dir='ltr'><strong>utram</strong></span> <span class='ocrx_word' id='word_1_168' title='bbox 808 3557 868 3616; x_wconf 89' lang='lat' dir='ltr'><strong>aut</strong></span> <span class='ocrx_word' id='word_1_169' title='bbox 884 3559 1047 3617; x_wconf 89' lang='lat' dir='ltr'><strong>neutram</strong></span> <span class='ocrx_word' id='word_1_170' title='bbox 1061 3546 1287 3620; x_wconf 90' lang='lat' dir='ltr'><strong>concorditer</strong></span> <span class='ocrx_word' id='word_1_171' title='bbox 1302 3548 1471 3645; x_wconf 89' lang='lat' dir='ltr'><strong>prosequi</strong></span> <span class='ocrx_word' id='word_1_172' title='bbox 1483 3545 1561 3618; x_wconf 91' lang='lat' dir='ltr'><strong>nol·</strong></span> 
     </span>
     <span class='ocr_line' id='line_1_26' title="bbox 498 3652 1559 3761; baseline 0.009 -36"><span class='ocrx_word' id='word_1_173' title='bbox 498 3652 810 3749; x_wconf 85' lang='lat' dir='ltr'><strong>lentsententiam‚</strong></span> <span class='ocrx_word' id='word_1_174' title='bbox 827 3660 986 3733; x_wconf 83' lang='lat' dir='ltr'><strong>multaret</strong></span> <span class='ocrx_word' id='word_1_175' title='bbox 997 3687 1140 3734; x_wconf 86' lang='lat' dir='ltr'><strong>morosa</strong></span> <span class='ocrx_word' id='word_1_176' title='bbox 1153 3662 1443 3760; x_wconf 87' lang='lat' dir='ltr'><strong>reprehensione,</strong></span> <span class='ocrx_word' id='word_1_177' title='bbox 1455 3662 1559 3761; x_wconf 90' lang='lat' dir='ltr'><strong>quod</strong></span> 
     </span>
     <span class='ocr_line' id='line_1_27' title="bbox 498 3770 1557 3872; baseline 0.009 -33"><span class='ocrx_word' id='word_1_178' title='bbox 498 3770 604 3841; x_wconf 89' lang='lat' dir='ltr'><strong>etiam</strong></span> <span class='ocrx_word' id='word_1_179' title='bbox 628 3774 823 3870; x_wconf 85' lang='lat' dir='ltr'><strong>postulata,</strong></span> <span class='ocrx_word' id='word_1_180' title='bbox 844 3775 945 3872; x_wconf 92' lang='lat' dir='ltr'><strong>quod</strong></span> <span class='ocrx_word' id='word_1_181' title='bbox 966 3778 1072 3849; x_wconf 89' lang='lat' dir='ltr'><strong>etiam</strong></span> <span class='ocrx_word' id='word_1_182' title='bbox 1094 3776 1371 3850; x_wconf 86' lang='lat' dir='ltr'><strong>misericorditer</strong></span> <span class='ocrx_word' id='word_1_183' title='bbox 1392 3802 1557 3849; x_wconf 88' lang='lat' dir='ltr'><strong>concessa</strong></span> 
     </span>
     <span class='ocr_line' id='line_1_28' title="bbox 499 3886 1560 3992; baseline 0.009 -35"><span class='ocrx_word' id='word_1_184' title='bbox 499 3886 707 3981; x_wconf 84' lang='lat' dir='ltr'><strong>refutarent,</strong></span> <span class='ocrx_word' id='word_1_185' title='bbox 721 3888 989 3983; x_wconf 85' lang='lat' dir='ltr'><strong>insistebamus3</strong></span> <span class='ocrx_word' id='word_1_186' title='bbox 1004 3891 1121 3966; x_wconf 88' lang='lat' dir='ltr'><strong>donec</strong></span> <span class='ocrx_word' id='word_1_187' title='bbox 1132 3895 1195 3992; x_wconf 90' lang='lat' dir='ltr'><strong>qui</strong></span> <span class='ocrx_word' id='word_1_188' title='bbox 1203 3894 1353 3967; x_wconf 90' lang='lat' dir='ltr'><strong>sanioris</strong></span> <span class='ocrx_word' id='word_1_189' title='bbox 1361 3908 1462 3967; x_wconf 89' lang='lat' dir='ltr'><strong>erant</strong></span> <span class='ocrx_word' id='word_1_190' title='bbox 1477 3920 1560 3967; x_wconf 93' lang='lat' dir='ltr'><strong>con-</strong></span> 
     </span>
    </p>
   </div>
   <div class='ocr_carea' id='block_1_3' title="bbox 540 4105 979 4171">
    <p class='ocr_par' dir='ltr' id='par_1_3' title="bbox 540 4105 979 4171">
     <span class='ocr_line' id='line_1_29' title="bbox 540 4105 979 4171; baseline 0.011 -5"><span class='ocrx_word' id='word_1_191' title='bbox 540 4110 570 4167; x_wconf 88' lang='lat' dir='ltr'><strong>l.</strong></span> <span class='ocrx_word' id='word_1_192' title='bbox 581 4105 750 4165; x_wconf 78' lang='lat' dir='ltr'><strong>lumbilium</strong></span> <span class='ocrx_word' id='word_1_193' title='bbox 762 4108 833 4171; x_wconf 83' lang='lat' dir='ltr'><strong>edit.</strong></span> <span class='ocrx_word' id='word_1_194' title='bbox 850 4108 979 4171; x_wconf 81' lang='lat' dir='ltr'><strong>Chesnii.</strong></span> 
     </span>
    </p>
   </div>
   <div class='ocr_carea' id='block_1_4' title="bbox 500 4201 1560 4377">
    <p class='ocr_par' dir='ltr' id='par_1_4' title="bbox 500 4201 1560 4377">
     <span class='ocr_line' id='line_1_30' title="bbox 540 4201 1560 4289; baseline 0.011 -30"><span class='ocrx_word' id='word_1_195' title='bbox 540 4204 569 4259; x_wconf 73' lang='grc' dir='ltr'><strong>Ξ.</strong></span> <span class='ocrx_word' id='word_1_196' title='bbox 583 4204 619 4265; x_wconf 85' lang='lat' dir='ltr'><strong>V.</strong></span> <span class='ocrx_word' id='word_1_197' title='bbox 629 4202 681 4261; x_wconf 87' lang='lat' dir='ltr'><strong>has</strong></span> <span class='ocrx_word' id='word_1_198' title='bbox 694 4201 867 4280; x_wconf 78' lang='lat' dir='ltr'><strong>posteriores</strong></span> <span class='ocrx_word' id='word_1_199' title='bbox 880 4204 1001 4281; x_wconf 85' lang='lat' dir='ltr'><strong>litteras,</strong></span> <span class='ocrx_word' id='word_1_200' title='bbox 1015 4208 1098 4268; x_wconf 89' lang='lat' dir='ltr'><strong>datas</strong></span> <span class='ocrx_word' id='word_1_201' title='bbox 1110 4208 1256 4289; x_wconf 83' lang='lat' dir='ltr'><strong>Vercellis,</strong></span> <span class='ocrx_word' id='word_1_202' title='bbox 1272 4229 1320 4267; x_wconf 79' lang='lat' dir='ltr'><strong>xri</strong></span> <span class='ocrx_word' id='word_1_203' title='bbox 1333 4208 1390 4269; x_wconf 82' lang='lat' dir='ltr'><strong>kal.</strong></span> <span class='ocrx_word' id='word_1_204' title='bbox 1403 4208 1469 4288; x_wconf 89' lang='lat' dir='ltr'><strong>julii</strong></span> <span class='ocrx_word' id='word_1_205' title='bbox 1485 4210 1560 4289; x_wconf 76' lang='lat' dir='ltr'><strong>ejus·</strong></span> 
     </span>
     <span class='ocr_line' id='line_1_31' title="bbox 500 4294 1163 4377; baseline 0.015 -24"><span class='ocrx_word' id='word_1_206' title='bbox 500 4294 566 4353; x_wconf 89' lang='lat' dir='ltr'><strong>dem</strong></span> <span class='ocrx_word' id='word_1_207' title='bbox 579 4294 700 4369; x_wconf 85' lang='lat' dir='ltr'><strong>anui,.in</strong></span> <span class='ocrx_word' id='word_1_208' title='bbox 714 4300 779 4358; x_wconf 81' lang='lat' dir='ltr'><strong>fler.</strong></span> <span class='ocrx_word' id='word_1_209' title='bbox 795 4302 867 4374; x_wconf 74' lang='lat' dir='ltr'><strong>gart.</strong></span> <span class='ocrx_word' id='word_1_210' title='bbox 884 4302 999 4377; x_wconf 54' lang='lat' dir='ltr'><strong>serapt„</strong></span> <span class='ocrx_word' id='word_1_211' title='bbox 1012 4304 1078 4372; x_wconf 80' lang='lat' dir='ltr'><strong>XV,</strong></span> <span class='ocrx_word' id='word_1_212' title='bbox 1093 4305 1163 4365; x_wconf 72' lang='lat' dir='ltr'><strong>tat.</strong></span> 
     </span>
    </p>
   </div>
   <div class='ocr_carea' id='block_1_5' title="bbox 500 4388 1561 4548">
    <p class='ocr_par' dir='ltr' id='par_1_5' title="bbox 500 4388 1561 4548">
     <span class='ocr_line' id='line_1_32' title="bbox 540 4388 1561 4466; baseline 0.013 -19"><span class='ocrx_word' id='word_1_213' title='bbox 540 4393 569 4449; x_wconf 84' lang='lat'><strong>3.</strong></span> <span class='ocrx_word' id='word_1_214' title='bbox 590 4388 645 4463; x_wconf 87' lang='lat' dir='ltr'><strong>Qui</strong></span> <span class='ocrx_word' id='word_1_215' title='bbox 661 4390 787 4465; x_wconf 80' lang='lat' dir='ltr'><strong>HugoV‚</strong></span> <span class='ocrx_word' id='word_1_216' title='bbox 803 4392 966 4466; x_wconf 66' lang='lat' dir='ltr'><strong>Aurelium,</strong></span> <span class='ocrx_word' id='word_1_217' title='bbox 984 4395 1155 4455; x_wconf 81' lang='lat' dir='ltr'><strong>Baldoricus</strong></span> <span class='ocrx_word' id='word_1_218' title='bbox 1164 4410 1194 4457; x_wconf 86' lang='lat' dir='ltr'><strong>et</strong></span> <span class='ocrx_word' id='word_1_219' title='bbox 1202 4402 1328 4457; x_wconf 82' lang='lat' dir='ltr'><strong>loannes</strong></span> <span class='ocrx_word' id='word_1_220' title='bbox 1343 4413 1409 4459; x_wconf 90' lang='lat' dir='ltr'><strong>tunc</strong></span> <span class='ocrx_word' id='word_1_221' title='bbox 1423 4401 1561 4461; x_wconf 88' lang='lat' dir='ltr'><strong>nomina-</strong></span> 
     </span>
     <span class='ocr_line' id='line_1_33' title="bbox 500 4481 615 4548; baseline 0.035 -5"><span class='ocrx_word' id='word_1_222' title='bbox 500 4481 615 4548; x_wconf 89' lang='lat' dir='ltr'><strong>bantur.</strong></span> 
     </span>
    </p>
   </div>
   <div class='ocr_carea' id='block_1_6' title="bbox 0 0 1887 5667">
    <p class='ocr_par' dir='ltr' id='par_1_6' title="bbox 0 0 1887 5667">
     <span class='ocr_line' id='line_1_34' title="bbox 0 0 1887 5667; baseline 0 0"><span class='ocrx_word' id='word_1_223' title='bbox 0 0 1887 5667; x_wconf 95' lang='lat' dir='ltr'><strong> </strong></span> 
     </span>
    </p>
   </div>
  </div>
 </body>
</html>
