3742 5667
613 810 674 866 vta
694 807 744 865 DE
766 808 876 867 Lotus
897 809 945 865 LE
965 807 1076 879 GROS,
1326 815 1363 871 37

303 939 398 1038 piant
433 939 621 1014 exhilarati
641 941 839 1014 decertant.
880 941 1043 1039 Cumque
1077 939 1247 1014 dominus
1271 969 1365 1043 papa

302 1056 558 1156 cpiscopomm
573 1073 610 1132 et
624 1055 859 1130 cardinalium
871 1071 1003 1154 togata,
1016 1082 1101 1131 cum
1117 1059 1366 1156 opertis¹albis

301 1173 481 1270 operturis
498 1175 614 1272 equis,
632 1175 851 1273 constipatus
879 1188 1008 1265 turma,
1036 1172 1275 1272 subsequente
1298 1201 1365 1274 po·

301 1287 386 1387 pulo
418 1293 597 1382 Romano,
616 1315 802 1364 occurrere
825 1291 1058 1381 acceleraret,
1083 1289 1274 1388 praemissis
1302 1292 1369 1389 qui

303 1405 403 1478 tactis
431 1407 666 1480 sacrosanctis
697 1405 895 1502 Evangeliis
923 1406 1125 1479 abeodem
1151 1406 1365 1505 imperatore

300 1522 549 1617 juramentum
566 1523 677 1621 pacis,
688 1522 980 1595 investiturarum
994 1520 1254 1620 depositionem
1281 1547 1366 1596 sus-

302 1636 475 1734 ciperent,
490 1639 527 1710 in
546 1662 590 1710 eo
607 1637 668 1734 qui
683 1637 816 1710 dicitur
831 1640 934 1709 Mons
951 1635 1082 1709 Gaudii
1094 1635 1190 1727 loco,
1209 1636 1272 1709 ubi
1290 1640 1366 1735 pri-

304 1775 402 1824 mum
434 1753 713 1827 adventantibus
741 1753 866 1826 limina
894 1753 1142 1854 apostolorum
1174 1752 1365 1828 beatorum

302 1867 373 1938 visa
394 1884 607 1959 occurrunt,
637 1868 794 1966 idipsum
818 1868 982 1940 iteratur.
1017 1871 1059 1938 In
1089 1869 1232 1966 porticu
1261 1895 1362 1962 vero,

303 1983 456 2056 mirabili
468 1999 505 2057 ct
530 1983 722 2057 universali
741 1986 987 2056 Romanorum
1009 1985 1224 2080 spectaculo,
1253 2011 1365 2059 manu

302 2099 447 2199 propria
478 2098 706 2197 imperatoris
730 2114 767 2171 et
788 2099 1005 2198 optimatum
1036 2098 1238 2199 triplicatur
1262 2101 1364 2199 jura·

304 2229 479 2307 mentum,
508 2213 637 2287 exinde
658 2211 796 2287 infinite
813 2213 991 2286 ’nobilius
1014 2237 1124 2311 quam
1155 2216 1185 2286 si
1202 2215 1365 2288 Africana

304 2329 450 2402 victoria
482 2329 630 2429 potito'
652 2353 755 2401 arcus
795 2328 1021 2427 triumphalis
1053 2329 1247 2422 arrideret,
1280 2357 1365 2403 cum

304 2445 444 2541 hymnis
456 2460 495 2517 et
509 2445 659 2518 laudum
673 2443 861 2543 multiplici
877 2443 1078 2542 triumpho,
1101 2444 1239 2518 domini
1264 2470 1364 2546 papae

303 2585 409 2634 manu
427 2562 663 2634 sacratissima
678 2560 878 2633 diademate
896 2576 1092 2634 coronatur
1112 2586 1213 2634 more
1233 2566 1365 2658 Auges

305 2678 451 2770 tornan‘,
465 2676 512 2749 ad
523 2676 802 2749 sacratissimum
823 2674 1074 2777 apostolorum
1095 2677 1220 2767 altare,
1242 2679 1364 2776 praci-

305 2791 686 2867 nentiumclericorum
699 2792 791 2883 odis,
806 2807 842 2866 et
854 2793 1134 2875 Alemannorum
1143 2794 1363 2866 cantantium

306 2907 447 2980 terribili
464 2907 621 2980 obmore
636 2907 745 2982 coelos
761 2924 984 3009 penetrante,
1002 2908 1235 2982 celeberrima
1253 2925 1288 2982 et
1310 2936 1365 2983 so·

305 3021 406 3096 lemm
421 3023 616 3096 devotione
628 3023 829 3100 deducitur.
845 3028 936 3098 Cum
956 3025 1061 3122 igitur
1072 3024 1241 3098 dominus
1254 3052 1360 3126 papa,

306 3138 421 3212 musas
447 3141 644 3235 gratiarum
667 3163 791 3234 agens,
825 3163 956 3235 corpus
984 3155 1021 3211 et
1048 3141 1255 3236 sangttinem
1281 3147 1362 3215 lesu

306 3253 434 3326 Christi·
448 3253 852 3352 conlecisset,partitam
873 3254 1142 3346 Eucharistiam,
1168 3256 1204 3328 in
1230 3258 1364 3329 amoris

305 3369 527 3468 impartibilis
561 3369 864 3444 confoederatione
891 3385 926 3442 et
946 3372 1042 3468 pacti
1074 3373 1359 3465 conservatione,

306 3485 485 3558 obsidem·
501 3485 707 3558 mirabilem
727 3485 884 3558 ecclesiae
912 3485 1106 3578 devovens,
1134 3487 1361 3586 suscipiendo

306 3599 497 3700 imperator
514 3600 804 3676 communicavit.
820 3599 981 3673 Necdum
993 3599 1161 3674 dominus
1174 3627 1265 3702 papa
1279 3618 1363 3701 post

344 3886 374 3942 l.
394 3885 511 3957 Apenas
525 3883 584 3940 {35
598 3891 685 3958 atque
695 3878 765 3940 cdd.
781 3880 882 3941 Germ.
896 3890 925 3938 et
939 3877 1042 3939 chesn.

343 3977 374 4038 a.
393 3975 609 4050 reparatas,
622 3974 730 4034 varro.

346 4071 376 4130 ³.
395 4073 491 4128 Poma
504 4071 573 4128 13³.

345 4165 377 4222 b.
395 4164 458 4220 llon
487 4161 589 4220 eodem
608 4159 672 4234 die,
702 4172 735 4218 ut
757 4158 892 4238 sugerius
913 4158 1046 4232 credidit,
1067 4159 1118 4220 sed
1136 4157 1295 4219 tredecimo
1314 4157 1362 4219 dic

310 4251 410 4312 mensis
429 4251 529 4331 aprilis
548 4251 704 4331 sequentis,
716 4262 869 4310 coronatos
882 4262 927 4310 est
937 4251 1090 4314 Henricns.
1103 4254 1138 4313 V.
1148 4256 1214 4311 Art.
1224 4253 1261 4309 de
1275 4254 1358 4328 verit.

311 4347 350 4403 les
359 4348 448 4418 dores,
462 4349 504 4423 ll,
517 4349 565 4408 tt.
582 4345 764 4406 Dissimiliter
775 4344 836 4404 baec
848 4356 1005 4404 narrantur
1014 4343 1046 4403 in
1056 4341 1359 4420 Casinensicluonico,

310 4435 362 4498 lib.
377 4440 424 4512 tv,
437 4457 503 4519 cap.
518 4443 569 4512 37,
584 4442 634 4500 38.
981 4448 986 4457 “

351 4535 380 4592 5.
400 4531 444 4590 Sic
455 4531 540 4591 codd.
555 4551 667 4592 omnes.
677 4565 718 4578 -
733 4531 776 4593 Ob
788 4534 874 4609 fidem
886 4532 952 4592 edd.
967 4533 1068 4591 Germ.
1083 4542 1112 4591 et
1123 4530 1229 4593 Chesn.
