<?xml version="1.0" encoding="UTF-8"?>
<!DOCTYPE html PUBLIC "-//W3C//DTD XHTML 1.0 Transitional//EN"
    "http://www.w3.org/TR/xhtml1/DTD/xhtml1-transitional.dtd">
<html xmlns="http://www.w3.org/1999/xhtml" xml:lang="en" lang="en">
 <head>
  <title>
</title>
<meta http-equiv="Content-Type" content="text/html;charset=utf-8" />
  <meta name='ocr-system' content='tesseract 3.04.00' />
  <meta name='ocr-capabilities' content='ocr_page ocr_carea ocr_par ocr_line ocrx_word'/>
</head>
<body>
  <div class='ocr_page' id='page_1' title='image "./oeuvrescompltes00sugegoog_0166.png"; bbox 0 0 3742 5667; ppageno 0'>
   <div class='ocr_carea' id='block_1_1' title="bbox 536 754 1370 831">
    <p class='ocr_par' dir='ltr' id='par_1_1' title="bbox 536 754 1370 831">
     <span class='ocr_line' id='line_1_1' title="bbox 536 754 1370 831; baseline 0.005 -4"><span class='ocrx_word' id='word_1_1' title='bbox 536 772 594 828; x_wconf 77' lang='lat' dir='ltr'><strong>rso</strong></span> <span class='ocrx_word' id='word_1_2' title='bbox 752 768 915 827; x_wconf 82' lang='lat' dir='ltr'><strong>muvars</strong></span> <span class='ocrx_word' id='word_1_3' title='bbox 932 754 1146 829; x_wconf 73' lang='lat' dir='ltr'><strong>conparans</strong></span> <span class='ocrx_word' id='word_1_4' title='bbox 1167 773 1216 829; x_wconf 82' lang='lat' dir='ltr'><strong>na</strong></span> <span class='ocrx_word' id='word_1_5' title='bbox 1236 773 1370 831; x_wconf 82' lang='lat' dir='ltr'><strong>suom.</strong></span> 
     </span>
    </p>
   </div>
   <div class='ocr_carea' id='block_1_2' title="bbox 535 899 1598 1003">
    <p class='ocr_par' dir='ltr' id='par_1_2' title="bbox 535 899 1598 1003">
     <span class='ocr_line' id='line_1_2' title="bbox 535 899 1598 1003; baseline 0.002 -30"><span class='ocrx_word' id='word_1_6' title='bbox 535 925 635 988; x_wconf 90' lang='lat' dir='ltr'><strong>nere,</strong></span> <span class='ocrx_word' id='word_1_7' title='bbox 653 900 726 973; x_wconf 88' lang='lat' dir='ltr'><strong>alta</strong></span> <span class='ocrx_word' id='word_1_8' title='bbox 740 917 817 975; x_wconf 88' lang='lat' dir='ltr'><strong>rota</strong></span> <span class='ocrx_word' id='word_1_9' title='bbox 831 899 1079 1001; x_wconf 80' lang='lat' dir='ltr'>superligatus,</span> <span class='ocrx_word' id='word_1_10' title='bbox 1097 928 1289 976; x_wconf 89' lang='lat' dir='ltr'><strong>corvorum</strong></span> <span class='ocrx_word' id='word_1_11' title='bbox 1305 919 1340 977; x_wconf 89' lang='lat' dir='ltr'><strong>ct</strong></span> <span class='ocrx_word' id='word_1_12' title='bbox 1351 902 1475 977; x_wconf 89' lang='lat' dir='ltr'><strong>alitum</strong></span> <span class='ocrx_word' id='word_1_13' title='bbox 1491 929 1598 1003; x_wconf 91' lang='lat' dir='ltr'><strong>rapa-</strong></span> 
     </span>
    </p>
   </div>
   <div class='ocr_carea' id='block_1_3' title="bbox 536 1016 1716 1116">
    <p class='ocr_par' dir='ltr' id='par_1_3' title="bbox 536 1016 1716 1116">
     <span class='ocr_line' id='line_1_3' title="bbox 536 1016 1716 1116; baseline 0.003 -26"><span class='ocrx_word' id='word_1_14' title='bbox 536 1017 634 1091; x_wconf 84' lang='lat' dir='ltr'>citati</span> <span class='ocrx_word' id='word_1_15' title='bbox 657 1017 849 1115; x_wconf 87' lang='lat' dir='ltr'><strong>expositus,</strong></span> <span class='ocrx_word' id='word_1_16' title='bbox 870 1016 1027 1116; x_wconf 82' lang='lat' dir='ltr'><strong>desuper</strong></span> <span class='ocrx_word' id='word_1_17' title='bbox 1041 1019 1157 1091; x_wconf 88' lang='lat' dir='ltr'><strong>oculis</strong></span> <span class='ocrx_word' id='word_1_18' title='bbox 1173 1019 1335 1093; x_wconf 87' lang='lat' dir='ltr'><strong>defossus</strong></span> <span class='ocrx_word' id='word_1_19' title='bbox 1360 1034 1397 1093; x_wconf 89' lang='lat' dir='ltr'><strong>et</strong></span> <span class='ocrx_word' id='word_1_20' title='bbox 1414 1035 1488 1093; x_wconf 83' lang='lat' dir='ltr'><strong>tota</strong></span> <span class='ocrx_word' id='word_1_21' title='bbox 1506 1020 1598 1093; x_wconf 88' lang='lat' dir='ltr'><strong>facie</strong></span> <span class='ocrx_word' id='word_1_22' title='bbox 1715 1023 1716 1027; x_wconf 67' lang='grc'>’</span> 
     </span>
    </p>
   </div>
   <div class='ocr_carea' id='block_1_4' title="bbox 536 1133 1598 1347">
    <p class='ocr_par' dir='ltr' id='par_1_4' title="bbox 536 1133 1598 1347">
     <span class='ocr_line' id='line_1_4' title="bbox 536 1133 1598 1232; baseline 0.002 -27"><span class='ocrx_word' id='word_1_23' title='bbox 536 1134 762 1223; x_wconf 84' lang='lat' dir='ltr'><strong>dilaceratus,</strong></span> <span class='ocrx_word' id='word_1_24' title='bbox 790 1133 1000 1205; x_wconf 86' lang='lat' dir='ltr'><strong>inferiorum</strong></span> <span class='ocrx_word' id='word_1_25' title='bbox 1028 1134 1162 1229; x_wconf 81' lang='lat' dir='ltr'><strong>sagittis</strong></span> <span class='ocrx_word' id='word_1_26' title='bbox 1188 1150 1223 1207; x_wconf 88' lang='lat' dir='ltr'><strong>ct</strong></span> <span class='ocrx_word' id='word_1_27' title='bbox 1251 1135 1382 1207; x_wconf 82' lang='lat' dir='ltr'><strong>lanceis</strong></span> <span class='ocrx_word' id='word_1_28' title='bbox 1404 1151 1440 1207; x_wconf 89' lang='lat' dir='ltr'><strong>et</strong></span> <span class='ocrx_word' id='word_1_29' title='bbox 1467 1136 1598 1232; x_wconf 87' lang='lat' dir='ltr'><strong>jaculis</strong></span> 
     </span>
     <span class='ocr_line' id='line_1_5' title="bbox 536 1247 1597 1347; baseline 0.003 -27"><span class='ocrx_word' id='word_1_30' title='bbox 536 1247 666 1322; x_wconf 89' lang='lat' dir='ltr'><strong>millies</strong></span> <span class='ocrx_word' id='word_1_31' title='bbox 688 1248 901 1347; x_wconf 76' lang='lat' dir='ltr'><strong>perforatus,</strong></span> <span class='ocrx_word' id='word_1_32' title='bbox 926 1250 1122 1321; x_wconf 89' lang='lat' dir='ltr'><strong>miserrime</strong></span> <span class='ocrx_word' id='word_1_33' title='bbox 1141 1249 1362 1341; x_wconf 82' lang='lat' dir='ltr'><strong>interfectus,</strong></span> <span class='ocrx_word' id='word_1_34' title='bbox 1380 1251 1416 1323; x_wconf 90' lang='lat' dir='ltr'><strong>in</strong></span> <span class='ocrx_word' id='word_1_35' title='bbox 1433 1250 1597 1324; x_wconf 83' lang='lat' dir='ltr'><strong>cloacam</strong></span> 
     </span>
    </p>
   </div>
   <div class='ocr_carea' id='block_1_5' title="bbox 535 1365 1716 1465">
    <p class='ocr_par' dir='ltr' id='par_1_5' title="bbox 535 1365 1716 1465">
     <span class='ocr_line' id='line_1_6' title="bbox 535 1365 1716 1465; baseline 0.003 -28"><span class='ocrx_word' id='word_1_36' title='bbox 535 1372 717 1465; x_wconf 86' lang='lat' dir='ltr'><strong>projectus</strong></span> <span class='ocrx_word' id='word_1_37' title='bbox 741 1379 805 1436; x_wconf 91' lang='lat' dir='ltr'><strong>est.</strong></span> <span class='ocrx_word' id='word_1_38' title='bbox 836 1365 1021 1437; x_wconf 89' lang='lat' dir='ltr'><strong>Bertoldus</strong></span> <span class='ocrx_word' id='word_1_39' title='bbox 1043 1388 1130 1437; x_wconf 90' lang='lat' dir='ltr'><strong>vero</strong></span> <span class='ocrx_word' id='word_1_40' title='bbox 1151 1382 1260 1465; x_wconf 87' lang='lat' dir='ltr'><strong>caput</strong></span> <span class='ocrx_word' id='word_1_41' title='bbox 1275 1367 1483 1463; x_wconf 90' lang='lat' dir='ltr'><strong>iniquitatis,</strong></span> <span class='ocrx_word' id='word_1_42' title='bbox 1510 1394 1597 1441; x_wconf 90' lang='lat' dir='ltr'><strong>cum</strong></span> <span class='ocrx_word' id='word_1_43' title='bbox 1715 1410 1716 1413; x_wconf 18' lang='grc' dir='ltr'>π</span> 
     </span>
    </p>
   </div>
   <div class='ocr_carea' id='block_1_6' title="bbox 536 1479 1598 1580">
    <p class='ocr_par' dir='ltr' id='par_1_6' title="bbox 536 1479 1598 1580">
     <span class='ocr_line' id='line_1_7' title="bbox 536 1479 1598 1580; baseline 0.002 -27"><span class='ocrx_word' id='word_1_44' title='bbox 536 1479 699 1553; x_wconf 90' lang='lat' dir='ltr'><strong>similiter</strong></span> <span class='ocrx_word' id='word_1_45' title='bbox 718 1479 877 1575; x_wconf 81' lang='lat' dir='ltr'><strong>effugere</strong></span> <span class='ocrx_word' id='word_1_46' title='bbox 892 1480 1121 1572; x_wconf 87' lang='lat' dir='ltr'><strong>decrevisset,</strong></span> <span class='ocrx_word' id='word_1_47' title='bbox 1146 1506 1229 1553; x_wconf 90' lang='lat' dir='ltr'><strong>cum</strong></span> <span class='ocrx_word' id='word_1_48' title='bbox 1250 1482 1323 1553; x_wconf 93' lang='lat' dir='ltr'><strong>huc</strong></span> <span class='ocrx_word' id='word_1_49' title='bbox 1340 1482 1496 1580; x_wconf 85' lang='lat' dir='ltr'><strong>illucque</strong></span> <span class='ocrx_word' id='word_1_50' title='bbox 1513 1485 1598 1555; x_wconf 89' lang='lat' dir='ltr'><strong>satis</strong></span> 
     </span>
    </p>
   </div>
   <div class='ocr_carea' id='block_1_7' title="bbox 536 1594 1716 1695">
    <p class='ocr_par' dir='ltr' id='par_1_7' title="bbox 536 1594 1716 1695">
     <span class='ocr_line' id='line_1_8' title="bbox 536 1594 1716 1695; baseline 0.005 -29"><span class='ocrx_word' id='word_1_51' title='bbox 536 1595 684 1668; x_wconf 86' lang='lat' dir='ltr'><strong>licenter</strong></span> <span class='ocrx_word' id='word_1_52' title='bbox 699 1594 976 1683; x_wconf 86' lang='lat' dir='ltr'><strong>deambulasset,</strong></span> <span class='ocrx_word' id='word_1_53' title='bbox 1002 1595 1075 1668; x_wconf 92' lang='lat' dir='ltr'><strong>sola</strong></span> <span class='ocrx_word' id='word_1_54' title='bbox 1096 1596 1263 1695; x_wconf 90' lang='lat' dir='ltr'><strong>superbia</strong></span> <span class='ocrx_word' id='word_1_55' title='bbox 1295 1621 1456 1669; x_wconf 86' lang='lat' dir='ltr'><strong>reversus</strong></span> <span class='ocrx_word' id='word_1_56' title='bbox 1482 1598 1598 1695; x_wconf 86' lang='lat' dir='ltr'><strong>(dice-</strong></span> <span class='ocrx_word' id='word_1_57' title='bbox 1715 1650 1716 1653; x_wconf 54' lang='lat'><em>=</em></span> 
     </span>
    </p>
   </div>
   <div class='ocr_carea' id='block_1_8' title="bbox 536 1711 1598 1812">
    <p class='ocr_par' dir='ltr' id='par_1_8' title="bbox 536 1711 1598 1812">
     <span class='ocr_line' id='line_1_9' title="bbox 536 1711 1598 1812; baseline 0.002 -29"><span class='ocrx_word' id='word_1_58' title='bbox 536 1712 599 1784; x_wconf 92' lang='lat' dir='ltr'><strong>bat</strong></span> <span class='ocrx_word' id='word_1_59' title='bbox 612 1712 708 1782; x_wconf 87' lang='lat' dir='ltr'><strong>enim</strong></span> <span class='ocrx_word' id='word_1_60' title='bbox 728 1736 736 1780; x_wconf 92' lang='lat'><strong>:</strong></span> <span class='ocrx_word' id='word_1_61' title='bbox 754 1714 843 1798; x_wconf 92' lang='lat' dir='ltr'><strong>Quis</strong></span> <span class='ocrx_word' id='word_1_62' title='bbox 858 1736 937 1807; x_wconf 87' lang='lat' dir='ltr'><strong>ego,</strong></span> <span class='ocrx_word' id='word_1_63' title='bbox 958 1726 1021 1783; x_wconf 90' lang='lat' dir='ltr'><strong>aut</strong></span> <span class='ocrx_word' id='word_1_64' title='bbox 1037 1711 1126 1809; x_wconf 90' lang='lat' dir='ltr'><strong>quid</strong></span> <span class='ocrx_word' id='word_1_65' title='bbox 1142 1736 1208 1809; x_wconf 84' lang='lat' dir='ltr'><strong>ego</strong></span> <span class='ocrx_word' id='word_1_66' title='bbox 1215 1712 1261 1809; x_wconf 79' lang='lat' dir='ltr'><strong>l),</strong></span> <span class='ocrx_word' id='word_1_67' title='bbox 1276 1713 1362 1785; x_wconf 91' lang='lat' dir='ltr'><strong>suis¹</strong></span> <span class='ocrx_word' id='word_1_68' title='bbox 1376 1713 1485 1786; x_wconf 86' lang='lat' dir='ltr'><strong>etiam</strong></span> <span class='ocrx_word' id='word_1_69' title='bbox 1497 1715 1598 1812; x_wconf 90' lang='lat' dir='ltr'><strong>capi·</strong></span> 
     </span>
    </p>
   </div>
   <div class='ocr_carea' id='block_1_9' title="bbox 535 1824 1716 2043">
    <p class='ocr_par' dir='ltr' id='par_1_9' title="bbox 535 1824 1716 2043">
     <span class='ocr_line' id='line_1_10' title="bbox 536 1824 1716 1925; baseline 0.004 -28"><span class='ocrx_word' id='word_1_70' title='bbox 536 1840 609 1919; x_wconf 86' lang='lat' dir='ltr'><strong>tur,</strong></span> <span class='ocrx_word' id='word_1_71' title='bbox 634 1840 670 1898; x_wconf 91' lang='lat' dir='ltr'><strong>et</strong></span> <span class='ocrx_word' id='word_1_72' title='bbox 688 1826 781 1921; x_wconf 86' lang='lat' dir='ltr'><strong>regis</strong></span> <span class='ocrx_word' id='word_1_73' title='bbox 797 1824 946 1897; x_wconf 89' lang='lat' dir='ltr'><strong>arbitrio</strong></span> <span class='ocrx_word' id='word_1_74' title='bbox 966 1826 1160 1925; x_wconf 86' lang='lat' dir='ltr'><strong>expositus,</strong></span> <span class='ocrx_word' id='word_1_75' title='bbox 1191 1829 1317 1899; x_wconf 90' lang='lat' dir='ltr'><strong>merita</strong></span> <span class='ocrx_word' id='word_1_76' title='bbox 1337 1841 1373 1899; x_wconf 89' lang='lat' dir='ltr'><strong>et</strong></span> <span class='ocrx_word' id='word_1_77' title='bbox 1395 1829 1595 1901; x_wconf 90' lang='lat' dir='ltr'><strong>miserrima</strong></span> <span class='ocrx_word' id='word_1_78' title='bbox 1715 1852 1716 1857; x_wconf 72' lang='grc'>’</span> 
     </span>
     <span class='ocr_line' id='line_1_11' title="bbox 535 1940 1716 2043; baseline 0.003 -30"><span class='ocrx_word' id='word_1_79' title='bbox 535 1955 654 2013; x_wconf 87' lang='lat' dir='ltr'><strong>morte</strong></span> <span class='ocrx_word' id='word_1_80' title='bbox 668 1955 722 2013; x_wconf 92' lang='lat' dir='ltr'><strong>est</strong></span> <span class='ocrx_word' id='word_1_81' title='bbox 734 1940 935 2014; x_wconf 88' lang='lat' dir='ltr'><strong>damnatus.</strong></span> <span class='ocrx_word' id='word_1_82' title='bbox 949 1942 1070 2015; x_wconf 85' lang='lat' dir='ltr'><strong>Furcis</strong></span> <span class='ocrx_word' id='word_1_83' title='bbox 1086 1943 1276 2015; x_wconf 90' lang='lat' dir='ltr'><strong>enimcum</strong></span> <span class='ocrx_word' id='word_1_84' title='bbox 1289 1968 1376 2015; x_wconf 88' lang='lat' dir='ltr'><strong>cane</strong></span> <span class='ocrx_word' id='word_1_85' title='bbox 1386 1969 1593 2043; x_wconf 90' lang='lat' dir='ltr'><strong>suspensus,</strong></span> <span class='ocrx_word' id='word_1_86' title='bbox 1715 1976 1716 2033; x_wconf 37' lang='lat' dir='ltr'><strong>i</strong></span> 
     </span>
    </p>
   </div>
   <div class='ocr_carea' id='block_1_10' title="bbox 529 2057 1595 2509">
    <p class='ocr_par' dir='ltr' id='par_1_10' title="bbox 529 2057 1595 2509">
     <span class='ocr_line' id='line_1_12' title="bbox 534 2057 1594 2157; baseline 0.003 -28"><span class='ocrx_word' id='word_1_87' title='bbox 534 2057 700 2156; x_wconf 87' lang='lat' dir='ltr'><strong>quotiens</strong></span> <span class='ocrx_word' id='word_1_88' title='bbox 715 2058 812 2129; x_wconf 90' lang='lat' dir='ltr'><strong>canis</strong></span> <span class='ocrx_word' id='word_1_89' title='bbox 825 2057 1105 2156; x_wconf 85' lang='lat' dir='ltr'><strong>percutiebatur,</strong></span> <span class='ocrx_word' id='word_1_90' title='bbox 1120 2059 1155 2130; x_wconf 92' lang='lat' dir='ltr'><strong>in</strong></span> <span class='ocrx_word' id='word_1_91' title='bbox 1172 2084 1254 2129; x_wconf 91' lang='lat' dir='ltr'><strong>eum</strong></span> <span class='ocrx_word' id='word_1_92' title='bbox 1267 2060 1354 2131; x_wconf 89' lang='lat' dir='ltr'><strong>iram</strong></span> <span class='ocrx_word' id='word_1_93' title='bbox 1366 2074 1594 2157; x_wconf 87' lang='lat' dir='ltr'><strong>retorquens,</strong></span> 
     </span>
     <span class='ocr_line' id='line_1_13' title="bbox 533 2171 1595 2271; baseline 0.005 -28"><span class='ocrx_word' id='word_1_94' title='bbox 533 2186 648 2245; x_wconf 90' lang='lat' dir='ltr'><strong>totam</strong></span> <span class='ocrx_word' id='word_1_95' title='bbox 667 2171 794 2245; x_wconf 81' lang='lat' dir='ltr'><strong>faciem</strong></span> <span class='ocrx_word' id='word_1_96' title='bbox 819 2174 895 2269; x_wconf 87' lang='lat' dir='ltr'><strong>ejus</strong></span> <span class='ocrx_word' id='word_1_97' title='bbox 915 2173 1139 2247; x_wconf 88' lang='lat' dir='ltr'><strong>masticando</strong></span> <span class='ocrx_word' id='word_1_98' title='bbox 1159 2174 1354 2247; x_wconf 87' lang='lat' dir='ltr'><strong>devorabat</strong></span> <span class='ocrx_word' id='word_1_99' title='bbox 1360 2200 1370 2260; x_wconf 92' lang='lat'>;</span> <span class='ocrx_word' id='word_1_100' title='bbox 1397 2175 1595 2271; x_wconf 85' lang='lat' dir='ltr'><strong>aliquando</strong></span> 
     </span>
     <span class='ocr_line' id='line_1_14' title="bbox 533 2288 1595 2391; baseline 0.007 -32"><span class='ocrx_word' id='word_1_101' title='bbox 533 2289 670 2380; x_wconf 79' lang='lat' dir='ltr'><strong>etiam&#39;,</strong></span> <span class='ocrx_word' id='word_1_102' title='bbox 690 2288 792 2386; x_wconf 93' lang='lat' dir='ltr'><strong>quod</strong></span> <span class='ocrx_word' id='word_1_103' title='bbox 817 2289 991 2362; x_wconf 87' lang='lat' dir='ltr'><strong>horribile</strong></span> <span class='ocrx_word' id='word_1_104' title='bbox 1007 2291 1107 2363; x_wconf 89' lang='lat' dir='ltr'><strong>dictu</strong></span> <span class='ocrx_word' id='word_1_105' title='bbox 1123 2306 1189 2382; x_wconf 91' lang='lat' dir='ltr'><strong>est,</strong></span> <span class='ocrx_word' id='word_1_106' title='bbox 1209 2291 1428 2364; x_wconf 82' lang='lat' dir='ltr'><strong>stercorabat</strong></span> <span class='ocrx_word' id='word_1_107' title='bbox 1448 2294 1595 2391; x_wconf 91' lang='lat' dir='ltr'><strong>:sicque</strong></span> 
     </span>
     <span class='ocr_line' id='line_1_15' title="bbox 529 2404 1595 2509; baseline 0.008 -35"><span class='ocrx_word' id='word_1_108' title='bbox 529 2404 698 2476; x_wconf 86' lang='lat' dir='ltr'><strong>miseram</strong></span> <span class='ocrx_word' id='word_1_109' title='bbox 720 2405 831 2476; x_wconf 89' lang='lat' dir='ltr'><strong>vitam</strong></span> <span class='ocrx_word' id='word_1_110' title='bbox 862 2405 1029 2477; x_wconf 89' lang='lat' dir='ltr'><strong>miserior</strong></span> <span class='ocrx_word' id='word_1_111' title='bbox 1053 2406 1252 2479; x_wconf 89' lang='lat' dir='ltr'><strong>miserrimo</strong></span> <span class='ocrx_word' id='word_1_112' title='bbox 1274 2422 1392 2481; x_wconf 87' lang='lat' dir='ltr'><strong>morte</strong></span> <span class='ocrx_word' id='word_1_113' title='bbox 1416 2423 1595 2509; x_wconf 88' lang='lat' dir='ltr'><strong>perpetua</strong></span> 
     </span>
    </p>
   </div>
   <div class='ocr_carea' id='block_1_11' title="bbox 526 2520 1716 3084">
    <p class='ocr_par' dir='ltr' id='par_1_11' title="bbox 526 2520 1716 3084">
     <span class='ocr_line' id='line_1_16' title="bbox 529 2520 1716 2614; baseline 0.006 -24"><span class='ocrx_word' id='word_1_114' title='bbox 529 2520 747 2592; x_wconf 82' lang='lat' dir='ltr'><strong>terminavit.</strong></span> <span class='ocrx_word' id='word_1_115' title='bbox 778 2524 878 2608; x_wconf 90' lang='lat' dir='ltr'><strong>Quos</strong></span> <span class='ocrx_word' id='word_1_116' title='bbox 906 2535 1027 2592; x_wconf 88' lang='lat' dir='ltr'><strong>autern</strong></span> <span class='ocrx_word' id='word_1_117' title='bbox 1054 2521 1092 2592; x_wconf 93' lang='lat' dir='ltr'><strong>in</strong></span> <span class='ocrx_word' id='word_1_118' title='bbox 1116 2536 1214 2593; x_wconf 91' lang='lat' dir='ltr'><strong>turre</strong></span> <span class='ocrx_word' id='word_1_119' title='bbox 1239 2522 1441 2614; x_wconf 90' lang='lat' dir='ltr'><strong>incluserat,</strong></span> <span class='ocrx_word' id='word_1_120' title='bbox 1467 2522 1593 2597; x_wconf 92' lang='lat' dir='ltr'><strong>multis</strong></span> <span class='ocrx_word' id='word_1_121' title='bbox 1715 2568 1716 2597; x_wconf 60' lang='lat' dir='ltr'><strong>i</strong></span> 
     </span>
     <span class='ocr_line' id='line_1_17' title="bbox 527 2634 1716 2753; baseline 0.007 -48"><span class='ocrx_word' id='word_1_122' title='bbox 527 2636 696 2731; x_wconf 85' lang='lat' dir='ltr'><strong>angustiis</strong></span> <span class='ocrx_word' id='word_1_123' title='bbox 711 2634 756 2706; x_wconf 88' lang='lat' dir='ltr'><strong>ad</strong></span> <span class='ocrx_word' id='word_1_124' title='bbox 770 2634 991 2707; x_wconf 89' lang='lat' dir='ltr'><strong>deditionem</strong></span> <span class='ocrx_word' id='word_1_125' title='bbox 1015 2660 1158 2732; x_wconf 85' lang='lat' dir='ltr'><strong>cogens,</strong></span> <span class='ocrx_word' id='word_1_126' title='bbox 1179 2636 1357 2731; x_wconf 83' lang='lat' dir='ltr'><strong>sigillatim</strong></span> <span class='ocrx_word' id='word_1_127' title='bbox 1374 2663 1487 2711; x_wconf 90' lang='lat' dir='ltr'><strong>unum</strong></span> <span class='ocrx_word' id='word_1_128' title='bbox 1507 2654 1594 2737; x_wconf 89' lang='lat' dir='ltr'><strong>post</strong></span> <span class='ocrx_word' id='word_1_129' title='bbox 1715 2674 1716 2753; x_wconf 49' lang='lat' dir='ltr'><strong>i</strong></span> 
     </span>
     <span class='ocr_line' id='line_1_18' title="bbox 526 2749 1716 2849; baseline 0.004 -26"><span class='ocrx_word' id='word_1_130' title='bbox 526 2749 651 2839; x_wconf 88' lang='lat' dir='ltr'><strong>alium,</strong></span> <span class='ocrx_word' id='word_1_131' title='bbox 678 2775 803 2824; x_wconf 89' lang='lat' dir='ltr'><strong>coram</strong></span> <span class='ocrx_word' id='word_1_132' title='bbox 822 2753 907 2842; x_wconf 91' lang='lat' dir='ltr'><strong>suis,</strong></span> <span class='ocrx_word' id='word_1_133' title='bbox 926 2750 1047 2823; x_wconf 87' lang='lat' dir='ltr'><strong>fractis</strong></span> <span class='ocrx_word' id='word_1_134' title='bbox 1069 2750 1268 2825; x_wconf 82' lang='lat' dir='ltr'><strong>cervicibus</strong></span> <span class='ocrx_word' id='word_1_135' title='bbox 1289 2752 1428 2849; x_wconf 90' lang='lat' dir='ltr'><strong>dejecit.</strong></span> <span class='ocrx_word' id='word_1_136' title='bbox 1454 2758 1595 2843; x_wconf 87' lang='lat' dir='ltr'><strong>Quem·</strong></span> <span class='ocrx_word' id='word_1_137' title='bbox 1715 2776 1716 2849; x_wconf 50' lang='grc' dir='ltr'>ᾗ</span> 
     </span>
     <span class='ocr_line' id='line_1_19' title="bbox 527 2852 1716 2959; baseline 0.006 -22"><span class='ocrx_word' id='word_1_138' title='bbox 527 2865 611 2937; x_wconf 91' lang='lat' dir='ltr'><strong>dam</strong></span> <span class='ocrx_word' id='word_1_139' title='bbox 625 2869 733 2938; x_wconf 87' lang='lat' dir='ltr'><strong>etiam</strong></span> <span class='ocrx_word' id='word_1_140' title='bbox 747 2892 887 2959; x_wconf 91' lang='lat' dir='ltr'><strong>eorum,</strong></span> <span class='ocrx_word' id='word_1_141' title='bbox 903 2872 1000 2939; x_wconf 88' lang='lat' dir='ltr'><strong>Isaac</strong></span> <span class='ocrx_word' id='word_1_142' title='bbox 1012 2869 1170 2959; x_wconf 89' lang='lat' dir='ltr'><strong>nomine,</strong></span> <span class='ocrx_word' id='word_1_143' title='bbox 1184 2869 1313 2941; x_wconf 91' lang='lat' dir='ltr'><strong>timore</strong></span> <span class='ocrx_word' id='word_1_144' title='bbox 1324 2870 1591 2943; x_wconf 89' lang='lat' dir='ltr'><strong>mortisinmo-</strong></span> <span class='ocrx_word' id='word_1_145' title='bbox 1715 2852 1716 2935; x_wconf 68' lang='grc' dir='ltr'>Ῑ</span> 
     </span>
     <span class='ocr_line' id='line_1_20' title="bbox 527 2982 1716 3084; baseline 0.008 -33"><span class='ocrx_word' id='word_1_146' title='bbox 527 2982 681 3054; x_wconf 88' lang='lat' dir='ltr'><strong>nasterio</strong></span> <span class='ocrx_word' id='word_1_147' title='bbox 705 2982 866 3081; x_wconf 88' lang='lat' dir='ltr'><strong>quodam</strong></span> <span class='ocrx_word' id='word_1_148' title='bbox 887 2998 1128 3077; x_wconf 86' lang='lat' dir='ltr'><strong>tonsoratum,</strong></span> <span class='ocrx_word' id='word_1_149' title='bbox 1156 2983 1474 3079; x_wconf 86' lang='lat' dir='ltr'><strong>demonachatum,</strong></span> <span class='ocrx_word' id='word_1_150' title='bbox 1494 2986 1591 3084; x_wconf 90' lang='lat' dir='ltr'><strong>pati·-</strong></span> <span class='ocrx_word' id='word_1_151' title='bbox 1715 3058 1716 3061; x_wconf 74' lang='grc'>,</span> 
     </span>
    </p>
   </div>
   <div class='ocr_carea' id='block_1_12' title="bbox 524 3096 756 3170">
    <p class='ocr_par' dir='ltr' id='par_1_12' title="bbox 524 3096 756 3170">
     <span class='ocr_line' id='line_1_21' title="bbox 524 3096 756 3170; baseline 0.009 -2"><span class='ocrx_word' id='word_1_152' title='bbox 524 3096 612 3168; x_wconf 93' lang='lat' dir='ltr'><strong>bulo</strong></span> <span class='ocrx_word' id='word_1_153' title='bbox 629 3097 756 3170; x_wconf 84' lang='lat' dir='ltr'><strong>affixit.</strong></span> 
     </span>
    </p>
   </div>
   <div class='ocr_carea' id='block_1_13' title="bbox 524 3213 1716 3893">
    <p class='ocr_par' dir='ltr' id='par_1_13' title="bbox 524 3213 1716 3893">
     <span class='ocr_line' id='line_1_22' title="bbox 574 3213 1586 3317; baseline 0.009 -35"><span class='ocrx_word' id='word_1_154' title='bbox 574 3214 713 3285; x_wconf 89' lang='lat' dir='ltr'><strong>Potitus</strong></span> <span class='ocrx_word' id='word_1_155' title='bbox 724 3214 844 3310; x_wconf 89' lang='lat' dir='ltr'><strong>itaque</strong></span> <span class='ocrx_word' id='word_1_156' title='bbox 857 3213 1192 3307; x_wconf 85' lang='lat' dir='ltr'><strong>Brugensivictoria,</strong></span> <span class='ocrx_word' id='word_1_157' title='bbox 1205 3241 1267 3289; x_wconf 86' lang='lat' dir='ltr'><strong>rex</strong></span> <span class='ocrx_word' id='word_1_158' title='bbox 1276 3242 1359 3290; x_wconf 93' lang='lat' dir='ltr'><strong>cum</strong></span> <span class='ocrx_word' id='word_1_159' title='bbox 1369 3218 1441 3291; x_wconf 90' lang='lat' dir='ltr'><strong>suis</strong></span> <span class='ocrx_word' id='word_1_160' title='bbox 1450 3222 1586 3317; x_wconf 89' lang='lat' dir='ltr'><strong>Ipram,</strong></span> 
     </span>
     <span class='ocr_line' id='line_1_23' title="bbox 525 3329 1588 3425; baseline 0.006 -26"><span class='ocrx_word' id='word_1_161' title='bbox 525 3329 773 3425; x_wconf 86' lang='lat' dir='ltr'><strong>peroptimum</strong></span> <span class='ocrx_word' id='word_1_162' title='bbox 789 3342 959 3418; x_wconf 89' lang='lat' dir='ltr'><strong>castrum,</strong></span> <span class='ocrx_word' id='word_1_163' title='bbox 978 3344 1104 3401; x_wconf 89' lang='lat' dir='ltr'><strong>contra</strong></span> <span class='ocrx_word' id='word_1_164' title='bbox 1115 3330 1347 3404; x_wconf 88' lang='lat' dir='ltr'><strong>Guillelmum</strong></span> <span class='ocrx_word' id='word_1_165' title='bbox 1361 3333 1588 3423; x_wconf 87' lang='lat' dir='ltr'><strong>Bastardum,</strong></span> 
     </span>
     <span class='ocr_line' id='line_1_24' title="bbox 524 3443 1716 3542; baseline 0.008 -29"><span class='ocrx_word' id='word_1_166' title='bbox 524 3443 740 3540; x_wconf 89' lang='lat' dir='ltr'><strong>proditionis</strong></span> <span class='ocrx_word' id='word_1_167' title='bbox 760 3443 937 3515; x_wconf 88' lang='lat' dir='ltr'><strong>fautorem</strong></span> <span class='ocrx_word' id='word_1_168' title='bbox 944 3446 968 3531; x_wconf 84' lang='lat'><strong>⁸,</strong></span> <span class='ocrx_word' id='word_1_169' title='bbox 993 3458 1083 3517; x_wconf 91' lang='lat' dir='ltr'><strong>utet</strong></span> <span class='ocrx_word' id='word_1_170' title='bbox 1103 3446 1141 3517; x_wconf 94' lang='lat' dir='ltr'><strong>in</strong></span> <span class='ocrx_word' id='word_1_171' title='bbox 1166 3471 1250 3517; x_wconf 90' lang='lat' dir='ltr'><strong>eum</strong></span> <span class='ocrx_word' id='word_1_172' title='bbox 1267 3448 1470 3542; x_wconf 89' lang='lat' dir='ltr'><strong>ulciscatur,</strong></span> <span class='ocrx_word' id='word_1_173' title='bbox 1489 3474 1591 3522; x_wconf 88' lang='lat' dir='ltr'><strong>acce-</strong></span> <span class='ocrx_word' id='word_1_174' title='bbox 1715 3452 1716 3465; x_wconf 48' lang='lat'><em>*</em></span> 
     </span>
     <span class='ocr_line' id='line_1_25' title="bbox 524 3556 1716 3657; baseline 0.008 -29"><span class='ocrx_word' id='word_1_175' title='bbox 524 3556 626 3629; x_wconf 87' lang='lat' dir='ltr'><strong>lerat.</strong></span> <span class='ocrx_word' id='word_1_176' title='bbox 639 3563 832 3653; x_wconf 87' lang='lat' dir='ltr'><strong>Brugcnscs</strong></span> <span class='ocrx_word' id='word_1_177' title='bbox 843 3573 917 3631; x_wconf 91' lang='lat' dir='ltr'><strong>tam</strong></span> <span class='ocrx_word' id='word_1_178' title='bbox 930 3560 1037 3631; x_wconf 91' lang='lat' dir='ltr'><strong>minis</strong></span> <span class='ocrx_word' id='word_1_179' title='bbox 1050 3585 1161 3657; x_wconf 90' lang='lat' dir='ltr'><strong>quam</strong></span> <span class='ocrx_word' id='word_1_180' title='bbox 1171 3560 1368 3655; x_wconf 89' lang='lat' dir='ltr'><strong>blanditiis,</strong></span> <span class='ocrx_word' id='word_1_181' title='bbox 1380 3566 1524 3639; x_wconf 87' lang='lat' dir='ltr'><strong>directis</strong></span> <span class='ocrx_word' id='word_1_182' title='bbox 1538 3564 1585 3637; x_wconf 91' lang='lat' dir='ltr'><strong>ad</strong></span> <span class='ocrx_word' id='word_1_183' title='bbox 1715 3556 1716 3567; x_wconf 39' lang='lat'>¹</span> 
     </span>
     <span class='ocr_line' id='line_1_26' title="bbox 527 3674 1585 3773; baseline 0.009 -29"><span class='ocrx_word' id='word_1_184' title='bbox 527 3696 586 3744; x_wconf 92' lang='lat' dir='ltr'><strong>cos</strong></span> <span class='ocrx_word' id='word_1_185' title='bbox 604 3674 757 3764; x_wconf 92' lang='lat' dir='ltr'><strong>nunciis,</strong></span> <span class='ocrx_word' id='word_1_186' title='bbox 779 3674 913 3747; x_wconf 67' lang='lat' dir='ltr'><strong>allicis.</strong></span> <span class='ocrx_word' id='word_1_187' title='bbox 934 3680 1102 3773; x_wconf 89' lang='lat' dir='ltr'><strong>Dumque</strong></span> <span class='ocrx_word' id='word_1_188' title='bbox 1120 3676 1332 3752; x_wconf 90' lang='lat' dir='ltr'><strong>Guillelmus</strong></span> <span class='ocrx_word' id='word_1_189' title='bbox 1347 3705 1431 3753; x_wconf 93' lang='lat' dir='ltr'><strong>cum</strong></span> <span class='ocrx_word' id='word_1_190' title='bbox 1444 3694 1585 3753; x_wconf 88' lang='lat' dir='ltr'><strong>trecen·</strong></span> 
     </span>
     <span class='ocr_line' id='line_1_27' title="bbox 527 3776 1582 3893; baseline 0.009 -34"><span class='ocrx_word' id='word_1_191' title='bbox 527 3788 571 3859; x_wconf 92' lang='lat' dir='ltr'><strong>tis</strong></span> <span class='ocrx_word' id='word_1_192' title='bbox 586 3788 760 3861; x_wconf 89' lang='lat' dir='ltr'><strong>militibus</strong></span> <span class='ocrx_word' id='word_1_193' title='bbox 779 3790 811 3860; x_wconf 91' lang='lat' dir='ltr'><strong>ei</strong></span> <span class='ocrx_word' id='word_1_194' title='bbox 828 3787 963 3882; x_wconf 87' lang='lat' dir='ltr'><strong>obviat,</strong></span> <span class='ocrx_word' id='word_1_195' title='bbox 984 3791 1094 3863; x_wconf 89' lang='lat' dir='ltr'><strong>altera</strong></span> <span class='ocrx_word' id='word_1_196' title='bbox 1114 3776 1196 3891; x_wconf 82' lang='lat' dir='ltr'><strong>pars</strong></span> <span class='ocrx_word' id='word_1_197' title='bbox 1215 3796 1342 3893; x_wconf 84' lang='lat' dir='ltr'><strong>regalis</strong></span> <span class='ocrx_word' id='word_1_198' title='bbox 1355 3798 1531 3871; x_wconf 87' lang='lat' dir='ltr'><strong>exercitus</strong></span> <span class='ocrx_word' id='word_1_199' title='bbox 1545 3800 1582 3869; x_wconf 92' lang='lat' dir='ltr'><strong>in</strong></span> 
     </span>
    </p>
   </div>
   <div class='ocr_carea' id='block_1_14' title="bbox 472 4018 1585 4572">
    <p class='ocr_par' dir='ltr' id='par_1_14' title="bbox 472 4018 1583 4291">
     <span class='ocr_line' id='line_1_28' title="bbox 566 4018 1583 4111; baseline 0.011 -29"><span class='ocrx_word' id='word_1_200' title='bbox 566 4028 596 4082; x_wconf 88' lang='lat' dir='ltr'><strong>l.</strong></span> <span class='ocrx_word' id='word_1_201' title='bbox 617 4024 660 4081; x_wconf 79' lang='lat' dir='ltr'><strong>ltlr</strong></span> <span class='ocrx_word' id='word_1_202' title='bbox 679 4018 765 4083; x_wconf 86' lang='lat' dir='ltr'><strong>codd.</strong></span> <span class='ocrx_word' id='word_1_203' title='bbox 780 4041 900 4095; x_wconf 81' lang='lat' dir='ltr'><strong>omnes3</strong></span> <span class='ocrx_word' id='word_1_204' title='bbox 918 4023 948 4081; x_wconf 94' lang='lat' dir='ltr'><strong>id</strong></span> <span class='ocrx_word' id='word_1_205' title='bbox 968 4036 1022 4103; x_wconf 87' lang='lat' dir='ltr'><strong>est,</strong></span> <span class='ocrx_word' id='word_1_206' title='bbox 1037 4025 1057 4081; x_wconf 88' lang='grc' dir='ltr'><em>ὰ</em></span> <span class='ocrx_word' id='word_1_207' title='bbox 1074 4032 1144 4086; x_wconf 75' lang='lat' dir='ltr'><strong>suis.</strong></span> <span class='ocrx_word' id='word_1_208' title='bbox 1159 4033 1279 4089; x_wconf 87' lang='lat' dir='ltr'><strong>-Sum</strong></span> <span class='ocrx_word' id='word_1_209' title='bbox 1291 4030 1352 4089; x_wconf 88' lang='lat' dir='ltr'><strong>sola</strong></span> <span class='ocrx_word' id='word_1_210' title='bbox 1371 4030 1442 4092; x_wconf 86' lang='lat' dir='ltr'><strong>edit.</strong></span> <span class='ocrx_word' id='word_1_211' title='bbox 1454 4031 1583 4111; x_wconf 88' lang='lat' dir='ltr'><strong>Chesnii,</strong></span> 
     </span>
     <span class='ocr_line' id='line_1_29' title="bbox 527 4115 1521 4205; baseline 0.008 -28"><span class='ocrx_word' id='word_1_212' title='bbox 527 4115 610 4198; x_wconf 90' lang='lat' dir='ltr'><strong>cujus</strong></span> <span class='ocrx_word' id='word_1_213' title='bbox 625 4116 778 4177; x_wconf 87' lang='lat' dir='ltr'><strong>lectionem</strong></span> <span class='ocrx_word' id='word_1_214' title='bbox 791 4117 882 4177; x_wconf 88' lang='lat' dir='ltr'><strong>secuti</strong></span> <span class='ocrx_word' id='word_1_215' title='bbox 895 4131 962 4177; x_wconf 90' lang='lat' dir='ltr'><strong>sont</strong></span> <span class='ocrx_word' id='word_1_216' title='bbox 974 4118 1163 4183; x_wconf 87' lang='lat' dir='ltr'><strong>Benedictini.</strong></span> <span class='ocrx_word' id='word_1_217' title='bbox 1179 4154 1219 4166; x_wconf 92' lang='lat'>-</span> <span class='ocrx_word' id='word_1_218' title='bbox 1232 4127 1301 4183; x_wconf 84' lang='lat' dir='ltr'><strong>Feci</strong></span> <span class='ocrx_word' id='word_1_219' title='bbox 1311 4125 1388 4205; x_wconf 91' lang='lat' dir='ltr'><strong>apud</strong></span> <span class='ocrx_word' id='word_1_220' title='bbox 1399 4125 1521 4186; x_wconf 86' lang='lat' dir='ltr'><strong>Freher.</strong></span> 
     </span>
     <span class='ocr_line' id='line_1_30' title="bbox 472 4213 1050 4291; baseline 0.01 -24"><span class='ocrx_word' id='word_1_221' title='bbox 472 4248 481 4258; x_wconf 89' lang='lat'><em>-</em></span> <span class='ocrx_word' id='word_1_222' title='bbox 565 4214 595 4273; x_wconf 74' lang='grc' dir='ltr'><strong>Ξ.</strong></span> <span class='ocrx_word' id='word_1_223' title='bbox 610 4214 707 4269; x_wconf 79' lang='lat' dir='ltr'><strong>Etiam</strong></span> <span class='ocrx_word' id='word_1_224' title='bbox 720 4216 750 4268; x_wconf 80' lang='lat' dir='ltr'><strong>r&#39;n</strong></span> <span class='ocrx_word' id='word_1_225' title='bbox 764 4231 828 4270; x_wconf 87' lang='lat' dir='ltr'><strong>eam</strong></span> <span class='ocrx_word' id='word_1_226' title='bbox 840 4214 919 4291; x_wconf 87' lang='lat' dir='ltr'><strong>apud</strong></span> <span class='ocrx_word' id='word_1_227' title='bbox 933 4213 1050 4273; x_wconf 80' lang='lat' dir='ltr'><strong>Frehcr.</strong></span> 
     </span>
    </p>

    <p class='ocr_par' dir='ltr' id='par_1_15' title="bbox 524 4305 1585 4457">
     <span class='ocr_line' id='line_1_31' title="bbox 564 4305 1585 4396; baseline 0.011 -32"><span class='ocrx_word' id='word_1_228' title='bbox 564 4312 593 4364; x_wconf 83' lang='lat'><strong>3.</strong></span> <span class='ocrx_word' id='word_1_229' title='bbox 608 4305 771 4365; x_wconf 80' lang='lat' dir='ltr'><strong>Fauetorem</strong></span> <span class='ocrx_word' id='word_1_230' title='bbox 784 4309 853 4365; x_wconf 76' lang='lat' dir='ltr'><strong>sta.</strong></span> <span class='ocrx_word' id='word_1_231' title='bbox 865 4337 906 4353; x_wconf 94' lang='lat'><em>-</em></span> <span class='ocrx_word' id='word_1_232' title='bbox 917 4306 1115 4386; x_wconf 87' lang='lat' dir='ltr'><strong>Guillelmum,</strong></span> <span class='ocrx_word' id='word_1_233' title='bbox 1128 4314 1277 4391; x_wconf 88' lang='lat' dir='ltr'><strong>lprensem</strong></span> <span class='ocrx_word' id='word_1_234' title='bbox 1291 4314 1437 4393; x_wconf 84' lang='lat' dir='ltr'><strong>comitem,</strong></span> <span class='ocrx_word' id='word_1_235' title='bbox 1454 4313 1585 4396; x_wconf 88' lang='lat' dir='ltr'><strong>Philippi</strong></span> 
     </span>
     <span class='ocr_line' id='line_1_32' title="bbox 524 4397 799 4457; baseline 0.007 -2"><span class='ocrx_word' id='word_1_236' title='bbox 524 4397 636 4457; x_wconf 86' lang='lat' dir='ltr'><strong>comitis</strong></span> <span class='ocrx_word' id='word_1_237' title='bbox 648 4397 769 4457; x_wconf 84' lang='lat' dir='ltr'><strong>nothum</strong></span> <span class='ocrx_word' id='word_1_238' title='bbox 793 4444 799 4457; x_wconf 93' lang='lat'>.</span> 
     </span>
    </p>

    <p class='ocr_par' dir='ltr' id='par_1_16' title="bbox 564 4492 1149 4572">
     <span class='ocr_line' id='line_1_33' title="bbox 564 4492 1149 4572; baseline 0.015 -25"><span class='ocrx_word' id='word_1_239' title='bbox 564 4494 595 4547; x_wconf 77' lang='lat' dir='ltr'><strong>t.</strong></span> <span class='ocrx_word' id='word_1_240' title='bbox 613 4497 652 4549; x_wconf 82' lang='lat' dir='ltr'><strong>In</strong></span> <span class='ocrx_word' id='word_1_241' title='bbox 664 4496 826 4549; x_wconf 78' lang='lat' dir='ltr'><strong>societatem</strong></span> <span class='ocrx_word' id='word_1_242' title='bbox 834 4495 928 4551; x_wconf 80' lang='lat' dir='ltr'><strong>atttctt</strong></span> <span class='ocrx_word' id='word_1_243' title='bbox 940 4492 1018 4572; x_wconf 87' lang='lat' dir='ltr'><strong>apud</strong></span> <span class='ocrx_word' id='word_1_244' title='bbox 1029 4493 1149 4556; x_wconf 81' lang='lat' dir='ltr'><strong>Frelrer.</strong></span> 
     </span>
    </p>
   </div>
   <div class='ocr_carea' id='block_1_15' title="bbox 0 0 1876 5667">
    <p class='ocr_par' dir='ltr' id='par_1_17' title="bbox 0 0 1876 5667">
     <span class='ocr_line' id='line_1_34' title="bbox 0 0 1876 5667; baseline 0 3"><span class='ocrx_word' id='word_1_245' title='bbox 0 0 1876 5667; x_wconf 95' lang='lat' dir='ltr'><strong> </strong></span> 
     </span>
    </p>
   </div>
  </div>
 </body>
</html>
