3742 5667
508 857 546 913 aa
715 845 874 907 mutuas
895 818 1124 906 cohlearum
1144 849 1194 906 na
1213 848 1347 910 suom.

510 1013 528 1050 a
547 981 615 1056 diis
627 981 716 1053 haeo'
730 975 983 1052 terminabitur
995 979 1150 1076 querela.
1164 983 1326 1053 »Verum
1340 1003 1430 1080 papa
1443 1005 1565 1080 quam.

507 1096 626 1195 plures
654 1096 752 1169 viros
780 1093 999 1195 approbatos
1022 1111 1060 1168 et
1086 1092 1222 1194 peritos
1241 1095 1288 1167 ad
1313 1095 1565 1190 cancellarium

507 1212 617 1302 misit,
632 1211 694 1309 qui
715 1234 799 1282 eum
815 1209 993 1310 superbis
1011 1210 1209 1309 composite
1223 1225 1260 1282 et
1281 1209 1421 1309 placide
1436 1235 1564 1284 oonve-

507 1328 637 1418 nirent,
657 1341 693 1399 et
719 1325 932 1399 audirentur
955 1340 991 1400 et
1006 1325 1185 1418 audirent,
1205 1325 1305 1398 etad
1323 1352 1452 1426 paoem
1467 1329 1563 1424 regni

508 1469 591 1516 eum
612 1465 759 1540 operam
775 1441 862 1514 dare
875 1441 1007 1514 obnixe
1021 1458 1221 1515 exorarent.
1240 1441 1381 1531 Quibus
1393 1442 1562 1515 receden-

509 1558 616 1649 tibus,
643 1556 811 1630 dominus
832 1581 925 1656 papa
949 1561 1075 1630 Trecas
1092 1559 1201 1648 venit,
1231 1557 1294 1630 diu
1318 1557 1565 1631 submonitum

507 1672 705 1746 universale
726 1671 918 1746 concilium
940 1671 1137 1747 honorifice
1159 1671 1353 1746 celebravit
1366 1676 1389 1765 ¹,
1427 1688 1565 1746 etcum

507 1813 630 1862 amore
649 1795 878 1880 Francorum,
887 1787 972 1885 quia
987 1787 1160 1861 multum⁸
1175 1787 1378 1875 servierant,
1386 1803 1423 1862 et
1436 1789 1565 1861 timore

507 1919 543 1978 et
556 1905 645 1978 odio
662 1905 942 1978 Teutonicorum
958 1901 1003 1976 ad
1018 1905 1131 1978 sancti
1148 1905 1244 1978 Petri
1258 1903 1379 1977 sedem
1396 1927 1566 2004 prospere

508 2022 691 2095 remeavit.

556 2142 753 2236 Imperator
767 2161 868 2231 vero,
882 2136 1041 2210 secundo
1056 2136 1129 2209 fere
1142 2136 1350 2209 recessionis
1364 2136 1442 2234 ejus
1455 2160 1565 2230 anno,

509 2253 659 2326 collecto
675 2253 831 2327 mirabili
849 2252 992 2350 triginta
1008 2252 1179 2326 millium⁸
1193 2252 1297 2326 hoste
1303 2253 1327 2344 ¹,

648 2501 823 2524 ......
856 2429 956 2520 Nullas
965 2457 1022 2519 nisi
1037 2455 1178 2540 sauguine
1192 2458 1256 2517 fuso

646 2553 760 2615 Gaudet
773 2552 882 2614 habere
893 2552 983 2615 viaet.

507 2731 656 2800 Romam
672 2727 800 2821 tendit,
817 2727 1063 2800 inire⁷oallens
1077 2750 1205 2825 paoem
1213 2723 1371 2818 simulat,
1384 2724 1569 2824 querelam

505 2842 798 2916 investiturarum
824 2842 990 2942 deponit,
1015 2841 1128 2915 multa
1155 2856 1192 2915 et
1220 2841 1296 2914 haeo
1316 2855 1353 2914 et
1376 2841 1446 2914 alia
1471 2841 1570 2914 bona

504 2957 709 3055 pollicetur,
732 2972 768 3030 et
789 2971 831 3030 ut
850 2956 979 3029 urbem
1002 2956 1235 3052 ingrediatur,
1260 2957 1344 3055 quia
1367 2955 1473 3028 aliter
1493 2979 1569 3027 non

502 3087 656 3171 poterat,
667 3071 878 3165 blanditur⁸,
894 3097 962 3144 nee
977 3071 1099 3144 fallere
1115 3097 1298 3145 summum
1311 3071 1523 3171 pontificem
1534 3087 1572 3145 et

502 3201 617 3260 totam
645 3187 847 3279 ecclesiam,
877 3189 952 3260 imo
976 3187 1096 3285 ipsum
1119 3213 1240 3285 regem
1259 3212 1386 3283 regum
1406 3203 1566 3261 veretur.

502 3305 617 3394 Unde,
629 3304 713 3401 quia
721 3303 1058 3378 audiebanttantam
1069 3301 1571 3404 ettamperniciosamEocle·

503 3419 562 3492 siae
574 3419 640 3490 Dei
656 3421 809 3519 sopitam
828 3422 1074 3519 quaestionem,
1093 3446 1196 3520 aequo
1212 3435 1275 3494 aut
1291 3419 1373 3518 plus
1387 3445 1491 3518 aequo
1511 3445 1572 3492 ro-

502 3535 598 3605 mani
612 3537 779 3632 quirites'
792 3536 1010 3635 tripudiant,
1026 3539 1141 3612 clerus
1161 3560 1328 3636 supreme
1335 3540 1356 3574 ¹⁰
1366 3535 1515 3626 exultat,
1533 3551 1571 3608 et

503 3651 690 3745 quomodo
705 3675 788 3724 eum
806 3652 1103 3727 honorificentius
1134 3668 1171 3728 et
1195 3651 1454 3748 elegantissime
1478 3651 1575 3725 reci*

542 3905 573 3962 1.
592 3905 659 3961 Hac
676 3903 758 3962 deest
769 3901 799 3961 in
813 3903 876 3964 cod.
894 3905 954 3964 tut
971 3915 1059 3982 atque
1072 3901 1103 3962 in
1115 3902 1185 3963 edd.

542 3995 573 4052 2.
596 3996 695 4053 Mense
708 3993 785 4053 maio
799 3989 928 4074 ejusdem
942 3995 1011 4054 anni
1025 3997 1116 4056 1107.
1127 4025 1166 4041 ·-
1177 3997 1207 4055 3.
1229 3996 1321 4054 Multi
1333 3995 1391 4054 133
1407 4004 1437 4053 et
1451 3995 1567 4080 tatto.

540 4103 572 4159 la.
599 4104 720 4160 Mt'lr'um
752 4104 872 4159 militum
903 4104 974 4164 uta.
997 4133 1039 4147 —
1065 4101 1198 4178 Triginta
1226 4101 1320 4157 millia
1352 4101 1412 4159 tat
1434 4110 1464 4158 et
1494 4095 1568 4162 edd.

502 4187 602 4254 Germ.
614 4210 648 4249 ac
661 4191 765 4255 Chesn.

541 4287 570 4342 5.
591 4289 678 4344 Hoste
689 4307 744 4366 pro
757 4290 898 4360 exercitu,
910 4287 941 4346 in
955 4286 1070 4368 vulgari
1081 4285 1173 4347 veteri
1185 4300 1239 4347 ost.

540 4379 571 4438 3.
587 4380 696 4440 Lucani
710 4379 826 4453 Phara,
840 4383 879 4452 tt,
895 4384 1057 4443 133.-“1.
1080 4385 1163 4441 Moe
1174 4385 1233 4443 uta
1249 4392 1278 4440 et
1291 4383 1360 4441 tau.

539 4473 569 4531 8.
591 4475 744 4532 Blondtter
758 4476 828 4534 133.
838 4477 883 4532 De
893 4473 949 4533 hac
959 4472 1154 4555 simulatione,
1173 4477 1208 4539 V.
1220 4473 1306 4553 intra,
1324 4473 1356 4532 in
1366 4469 1491 4532 Obserr.

541 4567 571 4628 9.
593 4569 712 4642 Equites
727 4570 815 4627 6265.
826 4599 866 4613 -
884 4569 933 4628 tu.
944 4571 1058 4648 Summe
1069 4571 1140 4631 133.
1477 4588 1486 4599 ·
