3742 5667
492 774 530 831 rs
700 743 872 828 ranulis
892 749 1107 825 coxxrnurns
1128 766 1177 823 nu
1199 766 1335 825 suoru.

493 928 602 1001 quam
610 903 684 975 lere
693 888 854 975 biennali
863 914 1050 973 coarctans
1061 896 1262 987 obsidione,
1273 897 1320 969 ad
1330 896 1553 971 deditionem

493 1020 696 1095 defensores
723 1041 867 1115 cogens,
887 1016 1114 1115 expugnavit,
1135 1030 1372 1115 expugnatam
1387 1013 1553 1089 funditus

495 1134 692 1225 subvertit,
719 1135 867 1233 ejusque
896 1131 1125 1205 subversione
1149 1154 1274 1229 pacem
1301 1130 1434 1230 patriae,
1458 1131 1553 1227 regis

494 1252 645 1351 fungens
677 1254 800 1327 officio
822 1252 974 1351 quinon
991 1255 1069 1323 sine
1086 1276 1195 1323 causa
1211 1249 1372 1352 gladium
1395 1267 1549 1348 portat¹,

494 1370 753 1466 gratantissime
793 1367 1021 1458 reformavit,
1057 1384 1093 1439 et
1119 1382 1193 1439 tam
1221 1367 1337 1465 ipsum
1364 1367 1552 1466 praefatum

492 1486 666 1559 Thomam
691 1484 954 1583 nequissimum
978 1506 1089 1581 quam
1106 1508 1189 1556 suos
1210 1479 1373 1555 dominio
1390 1480 1552 1581 ejusdem

493 1600 646 1674 civitatis
661 1598 916 1700 perpetualiter
935 1596 1185 1674 exhaeredavit.

541 1720 665 1790 XXlV.
690 1720 742 1789 Ne
761 1715 872 1812 igitur
892 1737 1120 1812 quacumque
1143 1727 1318 1785 terrarum
1336 1727 1436 1813 parte
1452 1713 1551 1787 loco-

492 1856 573 1903 rum
593 1831 763 1928 angustiis
785 1832 897 1903 virtus
919 1830 1012 1927 regia
1042 1830 1218 1903 coarctari
1238 1830 1401 1903 videatur
1423 1830 1551 1928 (scitur

493 1948 590 2018 enim
604 1948 727 2043 longas
740 1946 884 2043 regibus
897 1971 973 2019 esse
989 1946 1143 2043 manus),
1157 1945 1328 2020 accelerat
1342 1946 1389 2018 ad
1404 1970 1486 2019 euru
1502 1945 1549 2018 de

493 2059 627 2136 linibus
645 2063 914 2135 Bituricensium
941 2062 994 2133 vir
1023 2062 1158 2159 peritus
1176 2061 1375 2159 linguaeque
1400 2062 1546 2152 venalis,

493 2177 642 2252 hlardus
657 2178 891 2252 Guillebaldi'
909 2204 919 2249 ε
941 2178 1003 2275 qui
1019 2177 1102 2250 satis
1122 2176 1300 2251 rhetorice
1324 2179 1475 2275 privigni
1493 2178 1549 2251 sui

493 2294 676 2393 querelam
687 2294 884 2394 deponens,
902 2293 1053 2366 domino
1065 2294 1138 2390 regi
1149 2292 1347 2367 humillime
1357 2294 1548 2393 supplicat,

494 2434 623 2506 rogans
647 2412 813 2508 quatinus
845 2408 1005 2482 nobilem
1047 2408 1221 2482 baronem
1252 2408 1462 2483 Haimonem
1486 2434 1553 2481 no·

493 2526 603 2618 mine,
624 2527 767 2598 Variam
781 2530 933 2599 Vaccam
954 2525 1179 2621 cognomine,
1204 2524 1471 2597 Burbonensem
1480 2522 1550 2597 do-

492 2642 646 2735 minum,
660 2642 832 2741 justitiam
849 2654 1086 2731 recusantem,
1109 2640 1337 2740 imperialiter
1351 2641 1388 2713 in
1407 2640 1463 2739 jus
1477 2656 1551 2713 tra·

492 2757 618 2849 heret3
644 2773 811 2855 nepotem
834 2756 980 2852 majoris
997 2755 1127 2846 fratris,
1143 2754 1395 2829 Erehembaldi
1415 2756 1551 2829 scilieet

492 2867 620 2960 filium,
650 2867 935 2942 exheredantem
979 2883 1052 2941 tam
1082 2883 1361 2968 praesumptuosa
1398 2867 1550 2941 audacia

492 2999 757 3084 compesceret3
776 3000 812 3057 et
826 2988 1044 3057 Francorum
1056 2984 1208 3081 judicio,
1228 3008 1353 3057 eorum
1364 2985 1444 3081 quis
1458 2984 1549 3082 quid

493 3100 627 3173 habere
644 3099 786 3187 debeat,
813 3098 1069 3171 determinaret
1109 3102 1180 3171 Rex
1197 3099 1316 3197 itaque
1337 3113 1410 3170 tam
1423 3123 1549 3171 amore

489 3216 632 3313 justitiae
660 3241 769 3314 quam
791 3214 1019 3289 ecclesiarum
1038 3231 1073 3289 et
1089 3240 1288 3315 pauperum
1305 3214 1546 3307 miseratione,

492 3357 539 3404 ne
558 3331 625 3404 hac
644 3333 829 3405 occasione
850 3354 1059 3426 guerrarum
1080 3331 1214 3403 malitia
1236 3330 1431 3428 pullulante
1456 3356 1546 3429 pau·

491 3470 594 3545 peres
617 3445 778 3520 devexati
794 3446 915 3518 alienae
933 3446 1107 3545 superbiae
1127 3447 1266 3519 luerent
1285 3471 1443 3546 poenam,
1461 3471 1547 3521 cum

492 3562 679 3660 prelatum
693 3563 903 3635 Haimonem
922 3562 1052 3634 frustra
1065 3564 1101 3635 in
1118 3586 1261 3635 oausam
1276 3564 1395 3636 vocari
1405 3562 1547 3637 fecisset

492 3678 694 3778 (recusabat
711 3680 822 3771 enim,
837 3677 883 3751 de
892 3679 1028 3777 justitia
1051 3678 1247 3777 diffidens),
1270 3678 1366 3752 nulla
1381 3681 1547 3754 remissus

490 3797 675 3898 voluptate
697 3813 759 3870 aut
782 3799 935 3898 pigritia,
963 3798 1009 3873 ad
1035 3815 1150 3899 partes
1174 3799 1444 3874 Bituricensium
1460 3823 1545 3872 cum

490 3914 645 3986 exercitu
658 3913 770 3986 multo
778 3913 940 4007 tetendit,
951 3915 1397 4013 Germiuiaoum'ejusdem
1408 3914 1548 4001 Haimo-

535 4132 566 4192 l.
579 4128 661 4189 Pauli
675 4142 770 4211 apost.
783 4132 821 4191 ad
834 4134 934 4204 Rom„
953 4152 1018 4203 ιιιι,
1032 4136 1062 4195 lx.

532 4228 563 4285 Ξ.
577 4224 750 4288 Willebatdt
782 4226 891 4287 tatto.
914 4260 955 4273 -
990 4226 1151 4287 Guitebatdr'
1174 4224 1241 4287 edd.
1272 4222 1395 4286 niardus
1421 4243 1546 4286 uxorem

493 4316 618 4378 duxerat
632 4317 749 4378 viduam
765 4316 966 4379 Erchembaldi
984 4322 1033 4393 tv,
1050 4318 1130 4400 cujus
1144 4319 1219 4379 lilius
1237 4320 1341 4380 Haimo
1359 4323 1399 4390 11,
1417 4319 1434 4379 l
1448 4318 1545 4379 colore

491 4410 664 4492 capillorum
680 4414 772 4471 Varla
788 4416 881 4471 Vacca
896 4412 1003 4485 dictus,
1018 4412 1091 4474 iniri
1103 4426 1355 4474 commemoratur.

533 4510 563 4565 ³.
577 4507 621 4564 Ita
635 4507 745 4580 l27l0,
759 4508 837 4567 5923
850 4527 884 4566 ac
899 4506 970 4568 edit.
990 4506 1137 4569 Benedict.
1151 4541 1190 4554 -
1204 4510 1417 4567 Germanicum
1438 4508 1494 4567 543
1514 4514 1546 4566 et
