3742 5667
489 750 547 807 rat
705 742 869 801 muvms
889 724 1105 802 constares
1124 741 1174 798 na
1194 740 1328 800 suasu

490 877 621 950 militer
636 900 874 972 rogassemus,
890 874 1063 947 humilius
1077 873 1162 945 satis
1174 895 1240 970 per
1254 872 1411 971 seipsum
1426 886 1463 944 et
1485 894 1551 970 per

489 1020 572 1069 suos
589 994 661 1066 hoc
676 1019 713 1066 se
730 991 882 1065 libenter
900 991 1077 1064 facturum
1092 988 1291 1089 respondit.

539 1116 790 1183 Perucctantes
814 1109 935 1206 itaque
963 1121 1040 1179 tota
1058 1120 1168 1180 nocte
1182 1105 1383 1204 vespertina
1399 1104 1551 1177 matuti-

488 1250 622 1301 norum
638 1224 761 1323 synaxi
781 1224 818 1296 in
834 1223 980 1296 laudem
996 1214 1213 1312 Dirinitatis,
1231 1228 1353 1294 lesum
1368 1221 1552 1294 Christum

489 1344 690 1418 Dominum
715 1354 881 1414 nostrum
896 1338 1190 1439 propitiationem
1216 1362 1284 1438 pro
1304 1338 1458 1436 peccatis
1475 1362 1546 1410 nos

490 1461 553 1532 tris
579 1460 732 1549 factum,
759 1456 928 1554 quatinus
950 1481 1019 1554 pro
1034 1480 1099 1527 suo
1120 1454 1260 1527 honore
1278 1468 1315 1527 et
1337 1458 1554 1527 Sanctorum

488 1599 637 1650 suorum
648 1597 773 1645 amore
788 1587 952 1645 sanctum
968 1570 1091 1644 locum
1102 1571 1383 1644 misericorditer
1392 1572 1551 1661 visitare,

443 1739 451 1751 ·
490 1709 526 1767 et
549 1692 657 1765 sacris
683 1689 886 1763 actionibus
914 1712 989 1759 non
1019 1703 1160 1761 tantum
1190 1686 1447 1785 potentialiter,
1489 1686 1555 1759 sed

490 1808 599 1881 etiam
638 1805 875 1905 personaliter
906 1802 1029 1876 adesse
1063 1804 1284 1900 dignaretur,
1323 1802 1556 1876 devotissime

490 1922 750 2021 flagitabamus.
795 1921 906 2017 lgitur
944 1945 1088 1993 summo
1130 1944 1237 1992 mane
1279 1920 1553 2019 archiepiscopi,

490 2040 666 2140 episcopi,
689 2037 736 2110 de
757 2037 911 2137 propriis
940 2036 1102 2136 hospitiis
1122 2061 1208 2109 cum
1232 2034 1495 2109 archidiaconis
1520 2050 1556 2108 et

490 2155 686 2231 abhatibus
710 2170 747 2227 et
769 2153 848 2227 aliis
865 2154 1028 2227 honestis
1043 2153 1206 2251 personis
1227 2152 1274 2225 ad
1290 2152 1475 2225 ecclesiam
1497 2176 1556 2225 ac·

490 2270 671 2366 cedentes,
688 2269 940 2368 episcopaliter
956 2294 994 2342 se
1006 2268 1288 2368 componebant,
1304 2283 1341 2341 et
1356 2267 1403 2341 ad
1414 2266 1556 2340 dolium

491 2413 557 2489 pro
575 2387 846 2461 consecratione
857 2410 1034 2484 aquarum
1049 2385 1227 2485 superius,
1237 2386 1332 2458 inter
1344 2398 1554 2458 sanctorum

489 2506 685 2601 Martyrum
700 2502 901 2602 sepulturas
918 2517 956 2575 et
978 2503 1090 2575 sancti
1115 2501 1313 2575 salvatoris
1327 2500 1454 2593 altare,
1470 2501 1556 2573 satis

491 2619 673 2711 decenter,
694 2620 777 2691 satis
799 2618 1053 2692 venerabiliter
1080 2616 1304 2692 assistebant.
1324 2618 1489 2711 Videres,
1520 2632 1557 2689 et

491 2737 553 2835 qui
576 2735 725 2809 aderant
741 2759 814 2807 non
838 2736 914 2807 sine
934 2734 1128 2808 devotione
1152 2759 1281 2832 magna
1297 2733 1482 2825 videbant,
1502 2749 1558 2807 tot

491 2866 675 2924 tantorum
691 2850 860 2924 choream
874 2849 1088 2950 pontificum
1101 2850 1258 2924 vestibus
1268 2849 1554 2942 albisdecoram,

492 2968 608 3039 mitris
632 2965 899 3067 pontificalibus
919 2982 956 3040 et
971 2968 1151 3041 circinatis
1178 2966 1364 3040 aurifrisiis
1390 2968 1558 3066 pretiosis

493 3082 693 3156 admodum
707 3083 1102 3182 comatam,pastorales
1115 3083 1232 3179 virgas
1244 3080 1556 3175 manibustenere,

493 3199 724 3271 circumcirca
746 3198 887 3273 dolium
911 3200 1064 3292 ambire,
1096 3224 1230 3274 nomen
1255 3198 1402 3271 Domini
1420 3198 1558 3270 exorci-

493 3314 609 3388 zando
631 3315 821 3405 invocare3
852 3330 926 3387 tam
946 3315 1121 3411 gloriosos
1152 3331 1189 3389 et
1204 3314 1431 3387 admirabiles
1460 3314 1559 3386 viros

493 3430 615 3503 aeterni
636 3431 757 3529 sponsi
786 3431 930 3529 nuptias
957 3446 1032 3503 tam
1062 3433 1119 3529 pie
1150 3431 1342 3523 celebrare,
1369 3448 1410 3503 ut
1436 3432 1559 3529 potius

406 3600 410 3611 .
494 3546 628 3618 chorus
648 3546 800 3619 coelestis
815 3571 926 3644 quam
954 3562 1132 3638 terrenus,
1151 3571 1243 3646 opus
1269 3545 1431 3619 divinum
1447 3570 1558 3643 quam

494 3664 707 3755 humanum,
737 3677 812 3735 tam
834 3664 908 3759 regi
930 3686 1041 3761 quam
1059 3663 1235 3737 assistenti
1254 3662 1432 3736 nobilitati
1456 3661 1557 3734 vide-

494 3794 592 3852 retur
604 3803 786 3877 apparere.
800 3778 958 3877 Populus
974 3780 1070 3852 enim
1081 3803 1148 3878 pro
1154 3778 1369 3854 intolerabili
1378 3780 1557 3876 magnitu-

495 3894 589 3967 dinis
604 3918 675 3967 suae
690 3895 826 3992 impetu
843 3893 930 3966 foris
950 3894 1135 3991 agebatur,
1153 3912 1190 3969 et
1205 3895 1295 3968 dum
1311 3896 1443 3970 chorus
1465 3919 1557 3993 prae·

496 4010 590 4082 fatus
628 4034 762 4108 aquam
800 4009 1030 4084 benedictam
1070 4028 1181 4103 extra,
1222 4011 1361 4111 hysopo
1403 4010 1559 4083 ecclesiae

496 4126 646 4225 parietes
667 4126 825 4198 virtuose
854 4127 1090 4225 aspergendo,
1123 4126 1354 4226 projiciebat,
1386 4152 1449 4200 rex
1482 4127 1558 4224 ipse

483 4242 642 4339 ejusque
657 4241 870 4314 decuriones
892 4242 1157 4316 tumultuosum
1179 4247 1355 4341 impetum
1372 4242 1555 4331 arcebant,

497 4372 533 4431 et
542 4382 649 4453 vrrgrs
662 4372 698 4430 et
705 4356 841 4431 hacuhs
859 4359 1099 4456 regredientes
1115 4362 1163 4434 ad
1174 4376 1295 4461 portas
1305 4360 1553 4460 protegebant

545 4474 621 4543 Vll.
643 4475 689 4545 Ut
703 4486 837 4567 autem,
854 4477 1006 4574 peractis
1023 4476 1206 4551 ordinarie
1225 4493 1355 4551 sanctae
1375 4498 1558 4551 consecra
