3742 5667
490 783 546 840 ne
703 768 872 838 mutnus
892 764 1100 840 conrmrrs
1121 782 1171 839 nn
1192 782 1325 843 suurn.

488 912 617 986 hundo
642 912 790 984 fratrum
813 927 993 985 conventu
1012 938 1078 985 nos
1104 914 1351 1012 suscepissent,
1377 928 1549 1013 sequente

491 1028 562 1120 die,
575 1027 724 1102 sabbato
740 1028 874 1101 scilicet
889 1028 1070 1115 Medianae,
1088 1054 1147 1101 me
1166 1022 1353 1125 indignum
1369 1028 1552 1102 ordinavit

490 1145 751 1245 presbyterum.
792 1148 969 1243 Sequente
998 1161 1119 1218 autem
1154 1146 1334 1219 dominica
1367 1148 1436 1217 Isti
1465 1161 1554 1217 runt

489 1260 730 1351 dres¹,ibidem
739 1275 821 1334 ante
831 1263 1103 1335 sacratissimum
1113 1262 1551 1362 corpusbeatissimi¹Dio·

489 1378 581 1474 nysii
609 1377 790 1468 abbatem,
825 1378 909 1450 licet
936 1379 1174 1469 immeritum,
1204 1378 1436 1451 consecravit.
1467 1382 1551 1465 Quo

489 1510 662 1567 consueto
680 1494 746 1566 Dei
767 1493 1035 1591 omnipotentiae
1062 1494 1166 1584 lacto,
1192 1508 1328 1591 quanto
1344 1492 1390 1565 ab
1408 1492 1483 1566 imo
1503 1492 1552 1565 ad

489 1630 685 1698 summurn,
708 1602 752 1676 dc
773 1620 926 1676 stercore
951 1607 1089 1704 erigens
1111 1630 1308 1702 pauperem
1318 1606 1342 1697 ⁸,
1365 1620 1406 1676 ut
1425 1602 1553 1676 sedere

491 1747 575 1794 cum
600 1720 822 1820 principibus
847 1720 989 1810 laceret,
1014 1720 1234 1807 sublimavit,
1262 1736 1360 1793 tanto
1384 1719 1554 1793 humilio-

490 1862 582 1929 rem,
597 1852 632 1908 et
647 1837 676 1909 si
691 1836 858 1934 fragilitas
872 1836 1030 1908 humana
1044 1861 1118 1907 non
1134 1835 1317 1934 impediat,
1330 1837 1367 1908 in
1380 1835 1554 1908 omnibus

490 1953 952 2027 devotiorem⁵manustam
963 1951 1169 2025 dulcissima
1184 1977 1292 2051 qnam
1304 1954 1553 2051 potentissima

493 2070 729 2168 comparavit.
764 2074 851 2158 Quae
880 2094 966 2141 cum
995 2069 1031 2140 in
1060 2069 1229 2142 omnibns
1257 2070 1452 2143 clementer
1471 2095 1554 2169 par·

491 2188 591 2257 vitati
616 2202 746 2259 nostrae
767 2200 975 2286 prosperata
1001 2186 1106 2257 fucrit
1127 2185 1242 2283 (novit
1275 2187 1371 2258 enim
1409 2186 1552 2257 insuffi-

490 2302 619 2375 cientia
632 2306 643 2341 ¹
658 2302 772 2374 nostri
792 2318 865 2374 tam
880 2302 1017 2397 generis
1033 2326 1140 2399 quarn
1155 2301 1339 2400 scientiae),
1367 2302 1461 2374 inter
1485 2326 1553 2372 an·

494 2420 675 2515 tiquorum
712 2416 932 2517 praediorum
974 2418 1129 2491 ecclesiae
1167 2420 1475 2517 recuperationem
1518 2434 1555 2491 et

491 2558 670 2606 novorum
705 2534 993 2631 acquisitionem,
1029 2548 1064 2605 et
1091 2534 1245 2606 ecclesiae
1271 2534 1554 2631 circumquaque

490 2650 829 2745 augmentationem,
850 2664 885 2721 et
919 2648 1153 2721 aedificiorum
1186 2649 1445 2721 restitutionem
1477 2648 1555 2720 sive

491 2763 763 2853 institutionem,
783 2765 853 2837 hoc
866 2765 1110 2864 potissimum‘
1128 2779 1162 2837 et
1177 2764 1555 2861 gratissimum,immo

492 2906 670 2953 summam
706 2881 867 2981 prestitit
896 2881 1086 2953 miseratus
1120 2881 1410 2979 praerogatum,
1451 2878 1552 2979 quod

492 3010 620 3069 sanctur
636 2997 792 3069 ecclesiae
813 3022 897 3087 snae,
911 2996 958 3069 ad
975 3011 1193 3089 sanctorum,
1216 2998 1330 3070 immo
1355 3002 1410 3071 sul
1431 2996 1553 3069 bono-

491 3134 588 3204 rem,
624 3112 789 3185 ordinem
819 3128 981 3184 sanctum
1017 3111 1152 3185 ibidem
1180 3112 1286 3211 plene
1320 3114 1554 3205 reformavit,

491 3242 620 3300 sanctae
635 3227 814 3323 religionis
836 3227 1076 3327 propositum,
1093 3232 1188 3326 quo'
1202 3229 1249 3301 ad
1263 3234 1341 3302 Deo
1357 3228 1555 3301 fruendum

530 3398 558 3457 1.
575 3396 609 3454 ld
623 3406 666 3456 est
679 3395 825 3457 dominica
842 3396 985 3457 Passionis
994 3396 1111 3468 Christi,
1124 3399 1288 3477 iresponso
1301 3400 1380 3479 quod
1394 3398 1425 3458 in
1436 3417 1555 3478 proces·

491 3487 573 3549 sione
593 3488 722 3571 ejusdem
743 3489 801 3550 diei
828 3491 983 3551 cantabant
1015 3489 1057 3550 sic
1077 3490 1242 3570 designata;
1263 3491 1310 3553 die
1334 3504 1431 3552 autern
1454 3490 1555 3551 martii

491 3584 662 3643 duodecima
679 3605 715 3646 eo
731 3603 808 3644 anno
817 3584 984 3645 incurrebat
992 3583 1048 3643 hoc
1059 3585 1174 3646 festum.
1185 3585 1371 3665 AVulgrino,
1380 3584 1555 3646 bituricensi

491 3677 726 3757 archiepiscopo,
737 3697 836 3739 coram
857 3696 926 3755 rege
946 3688 976 3736 et
991 3678 1186 3757 magnatibus,
1198 3679 1287 3740 abbas
1304 3692 1488 3741 consecratus
1509 3690 1556 3737 est

490 3771 641 3849 Sugarius,
656 3785 723 3832 tunc
737 3792 828 3833 annos
841 3777 874 3834 tt
893 3786 989 3835 natus.

531 3868 562 3928 2.
574 3872 662 3926 Beati
673 3868 742 3927 edd.
754 3902 794 3913 -
808 3871 837 3928 3.
852 3868 959 3928 Psalrn.
974 3888 1044 3943 cxrr,
1060 3870 1090 3931 ’1.

530 3958 559 4012 tr.
576 3953 622 4013 Sic
638 3958 748 4029 11710,
763 3958 972 4017 cantarent.
986 3956 1133 4017 Benedirt.
1153 3990 1190 4005 -
1202 3962 1380 4017 necationem
1396 3957 1446 4017 alii
1460 3957 1552 4017 codd.

491 4058 520 4105 et
534 4046 603 4111 edd.
724 4097 728 4106 ,

532 4148 560 4202 5.
594 4145 636 4202 lta
650 4144 737 4205 codd.
760 4162 870 4217 omnes,
888 4144 1016 4225 itemque
1034 4145 1102 4205 edd.
1123 4147 1223 4206 Germ.
1240 4166 1274 4205 ac
1293 4146 1441 4206 Benedict.
1455 4174 1496 4191 -
1518 4150 1553 4205 ln

490 4234 539 4297 ed.
564 4235 668 4295 Cbesn.
698 4240 941 4316 insufficientiam,
962 4259 1020 4298 non
1037 4240 1105 4298 verb
1126 4240 1345 4319 sufficientiam,
1363 4252 1396 4301 nl
1422 4252 1554 4301 errantes

492 4340 623 4388 asserunt
635 4329 781 4391 Benedict.
805 4337 883 4392 -6,
901 4336 1128 4391 Potentissimum
1142 4336 1251 4394 tatto.

534 4428 563 4484 7.
589 4426 719 4498 111513,
739 4428 931 4504 caesarque
953 4424 1024 4488 edit.
1045 4426 1193 4489 Benedici.
1208 4460 1248 4473 —
1270 4428 1362 4503 Quod,
1386 4429 1551 4508 perperim,

492 4513 596 4595 reliqui
607 4517 694 4578 codd.
707 4516 814 4578 etedd.
