<?xml version="1.0" encoding="UTF-8"?>
<!DOCTYPE html PUBLIC "-//W3C//DTD XHTML 1.0 Transitional//EN"
    "http://www.w3.org/TR/xhtml1/DTD/xhtml1-transitional.dtd">
<html xmlns="http://www.w3.org/1999/xhtml" xml:lang="en" lang="en">
 <head>
  <title>
</title>
<meta http-equiv="Content-Type" content="text/html;charset=utf-8" />
  <meta name='ocr-system' content='tesseract 3.04.00' />
  <meta name='ocr-capabilities' content='ocr_page ocr_carea ocr_par ocr_line ocrx_word'/>
</head>
<body>
  <div class='ocr_page' id='page_1' title='image "./oeuvrescompltes00sugegoog_0128.png"; bbox 0 0 3742 5667; ppageno 0'>
   <div class='ocr_carea' id='block_1_1' title="bbox 469 814 1306 896">
    <p class='ocr_par' dir='ltr' id='par_1_1' title="bbox 469 814 1306 896">
     <span class='ocr_line' id='line_1_1' title="bbox 469 814 1306 896; baseline -0.006 -1"><span class='ocrx_word' id='word_1_1' title='bbox 469 838 507 896; x_wconf 76' lang='lat' dir='ltr'><strong>ee</strong></span> <span class='ocrx_word' id='word_1_2' title='bbox 678 814 844 892; x_wconf 73' lang='lat' dir='ltr'><strong>mounes</strong></span> <span class='ocrx_word' id='word_1_3' title='bbox 864 814 1081 891; x_wconf 75' lang='lat' dir='ltr'><strong>cormuires</strong></span> <span class='ocrx_word' id='word_1_4' title='bbox 1102 832 1152 889; x_wconf 81' lang='lat' dir='ltr'><strong>ne</strong></span> <span class='ocrx_word' id='word_1_5' title='bbox 1173 830 1306 891; x_wconf 85' lang='lat' dir='ltr'><strong>suom.</strong></span> 
     </span>
    </p>
   </div>
   <div class='ocr_carea' id='block_1_2' title="bbox 468 964 1533 2803">
    <p class='ocr_par' dir='ltr' id='par_1_2' title="bbox 468 964 1533 2803">
     <span class='ocr_line' id='line_1_2' title="bbox 519 964 1529 1065; baseline -0.004 -25"><span class='ocrx_word' id='word_1_6' title='bbox 519 969 646 1040; x_wconf 64' lang='lat' dir='ltr'><strong>xxlls.</strong></span> <span class='ocrx_word' id='word_1_7' title='bbox 666 970 757 1039; x_wconf 90' lang='lat' dir='ltr'><strong>Cum</strong></span> <span class='ocrx_word' id='word_1_8' title='bbox 775 965 885 1061; x_wconf 86' lang='lat' dir='ltr'><strong>igitur</strong></span> <span class='ocrx_word' id='word_1_9' title='bbox 899 965 947 1038; x_wconf 92' lang='lat' dir='ltr'><strong>ad</strong></span> <span class='ocrx_word' id='word_1_10' title='bbox 963 964 1059 1065; x_wconf 86' lang='lat' dir='ltr'>pacis</span> <span class='ocrx_word' id='word_1_11' title='bbox 1075 964 1417 1038; x_wconf 79' lang='lat' dir='ltr'><strong>confoederationem</strong></span> <span class='ocrx_word' id='word_1_12' title='bbox 1435 966 1529 1037; x_wconf 89' lang='lat' dir='ltr'><strong>inter</strong></span> 
     </span>
     <span class='ocr_line' id='line_1_3' title="bbox 469 1080 1528 1182; baseline -0.005 -25"><span class='ocrx_word' id='word_1_13' title='bbox 469 1108 590 1182; x_wconf 84' lang='lat' dir='ltr'><strong>regem</strong></span> <span class='ocrx_word' id='word_1_14' title='bbox 615 1084 747 1180; x_wconf 83' lang='lat' dir='ltr'><strong>Angliae</strong></span> <span class='ocrx_word' id='word_1_15' title='bbox 763 1098 799 1156; x_wconf 94' lang='lat' dir='ltr'><strong>et</strong></span> <span class='ocrx_word' id='word_1_16' title='bbox 815 1107 939 1181; x_wconf 87' lang='lat' dir='ltr'><strong>regem</strong></span> <span class='ocrx_word' id='word_1_17' title='bbox 957 1081 1079 1154; x_wconf 84' lang='lat' dir='ltr'><strong>Galliae</strong></span> <span class='ocrx_word' id='word_1_18' title='bbox 1099 1096 1137 1153; x_wconf 89' lang='lat' dir='ltr'><strong>et</strong></span> <span class='ocrx_word' id='word_1_19' title='bbox 1162 1080 1332 1154; x_wconf 88' lang='lat' dir='ltr'><strong>comitem</strong></span> <span class='ocrx_word' id='word_1_20' title='bbox 1353 1080 1528 1153; x_wconf 77' lang='lat' dir='ltr'><strong>‘l&#39;lreobal-</strong></span> 
     </span>
     <span class='ocr_line' id='line_1_4' title="bbox 469 1196 1529 1298; baseline -0.005 -24"><span class='ocrx_word' id='word_1_21' title='bbox 469 1202 559 1275; x_wconf 91' lang='lat' dir='ltr'><strong>dum</strong></span> <span class='ocrx_word' id='word_1_22' title='bbox 573 1217 649 1272; x_wconf 91' lang='lat' dir='ltr'><strong>tam</strong></span> <span class='ocrx_word' id='word_1_23' title='bbox 667 1199 768 1295; x_wconf 84' lang='lat' dir='ltr'><strong>regni</strong></span> <span class='ocrx_word' id='word_1_24' title='bbox 784 1199 975 1298; x_wconf 87' lang='lat' dir='ltr'><strong>optimates</strong></span> <span class='ocrx_word' id='word_1_25' title='bbox 996 1220 1106 1296; x_wconf 88' lang='lat' dir='ltr'><strong>quam</strong></span> <span class='ocrx_word' id='word_1_26' title='bbox 1126 1196 1279 1293; x_wconf 83' lang='lat' dir='ltr'><strong>religiosi</strong></span> <span class='ocrx_word' id='word_1_27' title='bbox 1295 1197 1363 1269; x_wconf 86' lang='lat' dir='ltr'><strong>viri</strong></span> <span class='ocrx_word' id='word_1_28' title='bbox 1382 1220 1529 1296; x_wconf 82' lang='lat' dir='ltr'><strong>operam</strong></span> 
     </span>
     <span class='ocr_line' id='line_1_5' title="bbox 468 1312 1528 1411; baseline -0.004 -21"><span class='ocrx_word' id='word_1_29' title='bbox 468 1314 762 1406; x_wconf 84' lang='lat' dir='ltr'><strong>commodarent,</strong></span> <span class='ocrx_word' id='word_1_30' title='bbox 778 1315 876 1410; x_wconf 89' lang='lat' dir='ltr'><strong>justo</strong></span> <span class='ocrx_word' id='word_1_31' title='bbox 894 1338 1021 1387; x_wconf 90' lang='lat' dir='ltr'><strong>eorum</strong></span> <span class='ocrx_word' id='word_1_32' title='bbox 1042 1312 1220 1404; x_wconf 86' lang='lat' dir='ltr'><strong>arbitrio’‚</strong></span> <span class='ocrx_word' id='word_1_33' title='bbox 1243 1313 1306 1411; x_wconf 91' lang='lat' dir='ltr'><strong>qui</strong></span> <span class='ocrx_word' id='word_1_34' title='bbox 1325 1326 1451 1385; x_wconf 86' lang='lat' dir='ltr'><strong>contra</strong></span> <span class='ocrx_word' id='word_1_35' title='bbox 1471 1338 1528 1386; x_wconf 90' lang='lat' dir='ltr'><strong>re·</strong></span> 
     </span>
     <span class='ocr_line' id='line_1_6' title="bbox 469 1427 1531 1528; baseline -0.003 -25"><span class='ocrx_word' id='word_1_36' title='bbox 469 1454 580 1527; x_wconf 82' lang='lat' dir='ltr'><strong>gnum</strong></span> <span class='ocrx_word' id='word_1_37' title='bbox 600 1429 844 1527; x_wconf 81' lang='lat' dir='ltr'><strong>conspirantes</strong></span> <span class='ocrx_word' id='word_1_38' title='bbox 865 1427 912 1501; x_wconf 89' lang='lat' dir='ltr'><strong>ad</strong></span> <span class='ocrx_word' id='word_1_39' title='bbox 939 1429 1167 1528; x_wconf 88' lang='lat' dir='ltr'><strong>propriarum</strong></span> <span class='ocrx_word' id='word_1_40' title='bbox 1190 1428 1531 1525; x_wconf 85' lang='lat' dir='ltr'><strong>&#39;recuperationem</strong></span> 
     </span>
     <span class='ocr_line' id='line_1_7' title="bbox 469 1542 1530 1643; baseline -0.001 -26"><span class='ocrx_word' id='word_1_41' title='bbox 469 1545 695 1643; x_wconf 86' lang='lat' dir='ltr'><strong>querelarum</strong></span> <span class='ocrx_word' id='word_1_42' title='bbox 715 1561 789 1618; x_wconf 90' lang='lat' dir='ltr'><strong>tam</strong></span> <span class='ocrx_word' id='word_1_43' title='bbox 809 1567 930 1642; x_wconf 83' lang='lat' dir='ltr'><strong>regem</strong></span> <span class='ocrx_word' id='word_1_44' title='bbox 946 1543 1078 1638; x_wconf 79' lang='lat' dir='ltr'><strong>Angliae</strong></span> <span class='ocrx_word' id='word_1_45' title='bbox 1094 1568 1204 1643; x_wconf 91' lang='lat' dir='ltr'><strong>quam</strong></span> <span class='ocrx_word' id='word_1_46' title='bbox 1228 1543 1401 1616; x_wconf 88' lang='lat' dir='ltr'><strong>comitem</strong></span> <span class='ocrx_word' id='word_1_47' title='bbox 1415 1542 1530 1616; x_wconf 88' lang='lat' dir='ltr'><strong>Theo·</strong></span> 
     </span>
     <span class='ocr_line' id='line_1_8' title="bbox 469 1659 1530 1761; baseline 0.002 -28"><span class='ocrx_word' id='word_1_48' title='bbox 469 1659 620 1734; x_wconf 86' lang='lat' dir='ltr'><strong>baldum</strong></span> <span class='ocrx_word' id='word_1_49' title='bbox 641 1659 897 1759; x_wconf 84' lang='lat' dir='ltr'><strong>obligaverant,</strong></span> <span class='ocrx_word' id='word_1_50' title='bbox 924 1684 1052 1756; x_wconf 82' lang='lat' dir='ltr'><strong>guerra</strong></span> <span class='ocrx_word' id='word_1_51' title='bbox 1078 1660 1294 1760; x_wconf 89' lang='lat' dir='ltr'><strong>consumpti,</strong></span> <span class='ocrx_word' id='word_1_52' title='bbox 1320 1685 1409 1761; x_wconf 89' lang='lat' dir='ltr'><strong>pace</strong></span> <span class='ocrx_word' id='word_1_53' title='bbox 1439 1660 1530 1735; x_wconf 91' lang='lat' dir='ltr'><strong>nihil</strong></span> 
     </span>
     <span class='ocr_line' id='line_1_9' title="bbox 468 1776 1529 1876; baseline 0.001 -28"><span class='ocrx_word' id='word_1_54' title='bbox 468 1776 662 1870; x_wconf 83' lang='lat' dir='ltr'><strong>lucrantes,</strong></span> <span class='ocrx_word' id='word_1_55' title='bbox 683 1778 770 1876; x_wconf 94' lang='lat' dir='ltr'><strong>quid</strong></span> <span class='ocrx_word' id='word_1_56' title='bbox 796 1778 945 1851; x_wconf 79' lang='lat' dir='ltr'><strong>fecerint</strong></span> <span class='ocrx_word' id='word_1_57' title='bbox 965 1779 1071 1875; x_wconf 84' lang='lat' dir='ltr'><strong>digna</strong></span> <span class='ocrx_word' id='word_1_58' title='bbox 1092 1776 1238 1849; x_wconf 88' lang='lat' dir='ltr'><strong>tandem</strong></span> <span class='ocrx_word' id='word_1_59' title='bbox 1254 1777 1430 1849; x_wconf 88' lang='lat' dir='ltr'><strong>sententia</strong></span> <span class='ocrx_word' id='word_1_60' title='bbox 1451 1778 1529 1849; x_wconf 89' lang='lat' dir='ltr'><strong>ani·</strong></span> 
     </span>
     <span class='ocr_line' id='line_1_10' title="bbox 469 1891 1532 1969; baseline 0.001 -6"><span class='ocrx_word' id='word_1_61' title='bbox 469 1891 728 1966; x_wconf 89' lang='lat' dir='ltr'><strong>madvertunt:</strong></span> <span class='ocrx_word' id='word_1_62' title='bbox 757 1919 840 1967; x_wconf 90' lang='lat' dir='ltr'><strong>cum</strong></span> <span class='ocrx_word' id='word_1_63' title='bbox 857 1897 1068 1969; x_wconf 84' lang='lat' dir='ltr'><strong>lancelinus</strong></span> <span class='ocrx_word' id='word_1_64' title='bbox 1094 1916 1215 1965; x_wconf 91' lang='lat' dir='ltr'><strong>comes</strong></span> <span class='ocrx_word' id='word_1_65' title='bbox 1239 1893 1371 1964; x_wconf 89' lang='lat' dir='ltr'><strong>Domni</strong></span> <span class='ocrx_word' id='word_1_66' title='bbox 1387 1892 1532 1965; x_wconf 85' lang='lat' dir='ltr'><strong>Martini</strong></span> 
     </span>
     <span class='ocr_line' id='line_1_11' title="bbox 470 2007 1531 2107; baseline 0.001 -28"><span class='ocrx_word' id='word_1_67' title='bbox 470 2008 652 2106; x_wconf 90' lang='lat' dir='ltr'><strong>querelam</strong></span> <span class='ocrx_word' id='word_1_68' title='bbox 664 2010 882 2084; x_wconf 86' lang='lat' dir='ltr'><strong>Belvacensis</strong></span> <span class='ocrx_word' id='word_1_69' title='bbox 901 2011 1102 2084; x_wconf 89' lang='lat' dir='ltr'><strong>conductus</strong></span> <span class='ocrx_word' id='word_1_70' title='bbox 1119 2008 1196 2080; x_wconf 90' lang='lat' dir='ltr'><strong>sine</strong></span> <span class='ocrx_word' id='word_1_71' title='bbox 1215 2032 1278 2107; x_wconf 90' lang='lat' dir='ltr'><strong>spe</strong></span> <span class='ocrx_word' id='word_1_72' title='bbox 1295 2007 1531 2107; x_wconf 89' lang='lat' dir='ltr'><strong>recuperandi</strong></span> 
     </span>
     <span class='ocr_line' id='line_1_12' title="bbox 469 2123 1532 2222; baseline -0.002 -25"><span class='ocrx_word' id='word_1_73' title='bbox 469 2124 646 2219; x_wconf 80' lang='lat' dir='ltr'><strong>amiserit3</strong></span> <span class='ocrx_word' id='word_1_74' title='bbox 674 2130 834 2222; x_wconf 86' lang='lat' dir='ltr'><strong>Paganus</strong></span> <span class='ocrx_word' id='word_1_75' title='bbox 858 2126 905 2200; x_wconf 91' lang='lat' dir='ltr'><strong>de</strong></span> <span class='ocrx_word' id='word_1_76' title='bbox 927 2130 1050 2200; x_wconf 88' lang='lat' dir='ltr'><strong>Monte</strong></span> <span class='ocrx_word' id='word_1_77' title='bbox 1064 2125 1167 2215; x_wconf 92' lang='lat' dir='ltr'><strong>Gaio,</strong></span> <span class='ocrx_word' id='word_1_78' title='bbox 1190 2123 1336 2222; x_wconf 88' lang='lat' dir='ltr'><strong>querela</strong></span> <span class='ocrx_word' id='word_1_79' title='bbox 1350 2125 1456 2198; x_wconf 85' lang='lat' dir='ltr'><strong>castri</strong></span> <span class='ocrx_word' id='word_1_80' title='bbox 1477 2125 1532 2195; x_wconf 88' lang='lat' dir='ltr'><strong>Li-</strong></span> 
     </span>
     <span class='ocr_line' id='line_1_13' title="bbox 470 2226 1531 2340; baseline 0.003 -30"><span class='ocrx_word' id='word_1_81' title='bbox 470 2241 594 2314; x_wconf 78' lang='lat' dir='ltr'><strong>vriaci⁸</strong></span> <span class='ocrx_word' id='word_1_82' title='bbox 610 2240 792 2340; x_wconf 88' lang='lat' dir='ltr'><strong>deceptus,</strong></span> <span class='ocrx_word' id='word_1_83' title='bbox 811 2268 896 2316; x_wconf 92' lang='lat' dir='ltr'><strong>cum</strong></span> <span class='ocrx_word' id='word_1_84' title='bbox 912 2268 986 2315; x_wconf 88' lang='lat' dir='ltr'><strong>uno</strong></span> <span class='ocrx_word' id='word_1_85' title='bbox 1003 2264 1129 2313; x_wconf 87' lang='lat' dir='ltr'><strong>meuse</strong></span> <span class='ocrx_word' id='word_1_86' title='bbox 1143 2238 1241 2313; x_wconf 87' lang='lat' dir='ltr'><strong>idem</strong></span> <span class='ocrx_word' id='word_1_87' title='bbox 1257 2254 1413 2313; x_wconf 88' lang='lat' dir='ltr'><strong>castrum</strong></span> <span class='ocrx_word' id='word_1_88' title='bbox 1428 2226 1531 2313; x_wconf 91' lang='lat' dir='ltr'><strong>clau-</strong></span> 
     </span>
     <span class='ocr_line' id='line_1_14' title="bbox 468 2354 1533 2455; baseline 0.002 -28"><span class='ocrx_word' id='word_1_89' title='bbox 468 2380 551 2428; x_wconf 89' lang='lat' dir='ltr'><strong>sura</strong></span> <span class='ocrx_word' id='word_1_90' title='bbox 571 2356 745 2445; x_wconf 90' lang='lat' dir='ltr'><strong>dirutum,</strong></span> <span class='ocrx_word' id='word_1_91' title='bbox 773 2372 943 2455; x_wconf 91' lang='lat' dir='ltr'><strong>sequente</strong></span> <span class='ocrx_word' id='word_1_92' title='bbox 972 2381 1059 2428; x_wconf 89' lang='lat' dir='ltr'><strong>vero</strong></span> <span class='ocrx_word' id='word_1_93' title='bbox 1085 2354 1200 2428; x_wconf 88' lang='lat' dir='ltr'><strong>multo</strong></span> <span class='ocrx_word' id='word_1_94' title='bbox 1232 2355 1359 2429; x_wconf 87' lang='lat' dir='ltr'><strong>fortius</strong></span> <span class='ocrx_word' id='word_1_95' title='bbox 1382 2358 1533 2455; x_wconf 90' lang='lat' dir='ltr'><strong>pecunia</strong></span> 
     </span>
     <span class='ocr_line' id='line_1_15' title="bbox 469 2469 1532 2573; baseline 0.001 -30"><span class='ocrx_word' id='word_1_96' title='bbox 469 2471 563 2567; x_wconf 84' lang='lat' dir='ltr'><strong>regis</strong></span> <span class='ocrx_word' id='word_1_97' title='bbox 582 2472 717 2569; x_wconf 70' lang='lat' dir='ltr'><strong>anglici</strong></span> <span class='ocrx_word' id='word_1_98' title='bbox 733 2473 936 2545; x_wconf 89' lang='lat' dir='ltr'><strong>restitutum</strong></span> <span class='ocrx_word' id='word_1_99' title='bbox 948 2469 1228 2573; x_wconf 73' lang='lat' dir='ltr'><strong>praecordialiter</strong></span> <span class='ocrx_word' id='word_1_100' title='bbox 1249 2469 1425 2564; x_wconf 90' lang='lat' dir='ltr'><strong>doluerit;</strong></span> <span class='ocrx_word' id='word_1_101' title='bbox 1446 2472 1532 2545; x_wconf 89' lang='lat' dir='ltr'><strong>Milo</strong></span> 
     </span>
     <span class='ocr_line' id='line_1_16' title="bbox 469 2584 1533 2685; baseline 0.002 -27"><span class='ocrx_word' id='word_1_102' title='bbox 469 2610 555 2659; x_wconf 88' lang='lat' dir='ltr'><strong>vero</strong></span> <span class='ocrx_word' id='word_1_103' title='bbox 572 2586 620 2660; x_wconf 93' lang='lat' dir='ltr'><strong>de</strong></span> <span class='ocrx_word' id='word_1_104' title='bbox 636 2590 758 2660; x_wconf 88' lang='lat' dir='ltr'><strong>Monte</strong></span> <span class='ocrx_word' id='word_1_105' title='bbox 782 2588 922 2661; x_wconf 90' lang='lat' dir='ltr'><strong>Leherii</strong></span> <span class='ocrx_word' id='word_1_106' title='bbox 937 2588 1179 2685; x_wconf 86' lang='lat' dir='ltr'><strong>gratissimum</strong></span> <span class='ocrx_word' id='word_1_107' title='bbox 1192 2584 1238 2658; x_wconf 91' lang='lat' dir='ltr'><strong>de</strong></span> <span class='ocrx_word' id='word_1_108' title='bbox 1254 2611 1377 2659; x_wconf 88' lang='lat' dir='ltr'><strong>sorore</strong></span> <span class='ocrx_word' id='word_1_109' title='bbox 1390 2588 1533 2660; x_wconf 90' lang='lat' dir='ltr'><strong>comitis</strong></span> 
     </span>
     <span class='ocr_line' id='line_1_17' title="bbox 469 2701 1533 2803; baseline 0.001 -29"><span class='ocrx_word' id='word_1_110' title='bbox 469 2702 676 2799; x_wconf 85' lang='lat' dir='ltr'><strong>conjugium</strong></span> <span class='ocrx_word' id='word_1_111' title='bbox 689 2704 876 2777; x_wconf 90' lang='lat' dir='ltr'><strong>occasione</strong></span> <span class='ocrx_word' id='word_1_112' title='bbox 891 2704 1083 2803; x_wconf 79' lang='lat' dir='ltr'><strong>parentelae</strong></span> <span class='ocrx_word' id='word_1_113' title='bbox 1094 2701 1221 2776; x_wconf 90' lang='lat' dir='ltr'><strong>dolens</strong></span> <span class='ocrx_word' id='word_1_114' title='bbox 1238 2717 1274 2775; x_wconf 91' lang='lat' dir='ltr'><strong>et</strong></span> <span class='ocrx_word' id='word_1_115' title='bbox 1287 2703 1533 2799; x_wconf 85' lang='lat' dir='ltr'><strong>gemebundus</strong></span> 
     </span>
    </p>
   </div>
   <div class='ocr_carea' id='block_1_3' title="bbox 468 2815 1555 3613">
    <p class='ocr_par' dir='ltr' id='par_1_3' title="bbox 468 2815 1555 3470">
     <span class='ocr_line' id='line_1_18' title="bbox 468 2815 1555 2919; baseline 0.002 -30"><span class='ocrx_word' id='word_1_116' title='bbox 468 2815 664 2917; x_wconf 72' lang='lat' dir='ltr'><strong>amislerlit,</strong></span> <span class='ocrx_word' id='word_1_117' title='bbox 693 2842 760 2890; x_wconf 90' lang='lat' dir='ltr'><strong>nec</strong></span> <span class='ocrx_word' id='word_1_118' title='bbox 793 2835 867 2892; x_wconf 91' lang='lat' dir='ltr'><strong>tam</strong></span> <span class='ocrx_word' id='word_1_119' title='bbox 890 2819 1040 2892; x_wconf 87' lang='lat' dir='ltr'><strong>honoris</strong></span> <span class='ocrx_word' id='word_1_120' title='bbox 1063 2834 1099 2891; x_wconf 88' lang='lat' dir='ltr'><strong>et</strong></span> <span class='ocrx_word' id='word_1_121' title='bbox 1117 2817 1236 2915; x_wconf 85' lang='lat' dir='ltr'><strong>gaudii</strong></span> <span class='ocrx_word' id='word_1_122' title='bbox 1261 2820 1298 2890; x_wconf 90' lang='lat' dir='ltr'><strong>in</strong></span> <span class='ocrx_word' id='word_1_123' title='bbox 1327 2820 1555 2919; x_wconf 87' lang='lat' dir='ltr'><strong>receptione·</strong></span> 
     </span>
     <span class='ocr_line' id='line_1_19' title="bbox 469 2934 1531 3030; baseline 0.005 -27"><span class='ocrx_word' id='word_1_124' title='bbox 469 2947 644 3030; x_wconf 88' lang='lat' dir='ltr'><strong>quantum</strong></span> <span class='ocrx_word' id='word_1_125' title='bbox 668 2935 703 3006; x_wconf 90' lang='lat' dir='ltr'><strong>in</strong></span> <span class='ocrx_word' id='word_1_126' title='bbox 724 2934 879 3008; x_wconf 86' lang='lat' dir='ltr'><strong>divortio</strong></span> <span class='ocrx_word' id='word_1_127' title='bbox 902 2934 1208 3007; x_wconf 86' lang='lat' dir='ltr'><strong>dehonestationis</strong></span> <span class='ocrx_word' id='word_1_128' title='bbox 1234 2950 1269 3006; x_wconf 91' lang='lat' dir='ltr'><strong>et</strong></span> <span class='ocrx_word' id='word_1_129' title='bbox 1290 2935 1439 3009; x_wconf 88' lang='lat' dir='ltr'><strong>tristitiae</strong></span> <span class='ocrx_word' id='word_1_130' title='bbox 1452 2961 1531 3008; x_wconf 87' lang='lat' dir='ltr'><strong>sus·</strong></span> 
     </span>
     <span class='ocr_line' id='line_1_20' title="bbox 468 3048 1533 3150; baseline 0.002 -29"><span class='ocrx_word' id='word_1_131' title='bbox 468 3048 640 3149; x_wconf 74' lang='lat' dir='ltr'><strong>ceplerlit.</strong></span> <span class='ocrx_word' id='word_1_132' title='bbox 651 3049 757 3140; x_wconf 89' lang='lat' dir='ltr'><strong>Quod</strong></span> <span class='ocrx_word' id='word_1_133' title='bbox 770 3050 917 3150; x_wconf 91' lang='lat' dir='ltr'><strong>quidem</strong></span> <span class='ocrx_word' id='word_1_134' title='bbox 927 3052 1065 3147; x_wconf 84' lang='lat' dir='ltr'><strong>egregie</strong></span> <span class='ocrx_word' id='word_1_135' title='bbox 1074 3050 1208 3123; x_wconf 88' lang='lat' dir='ltr'><strong>lactum</strong></span> <span class='ocrx_word' id='word_1_136' title='bbox 1218 3051 1381 3123; x_wconf 85' lang='lat' dir='ltr'><strong>virorum</strong></span> <span class='ocrx_word' id='word_1_137' title='bbox 1395 3052 1533 3147; x_wconf 86' lang='lat' dir='ltr'><strong>judicio</strong></span> 
     </span>
     <span class='ocr_line' id='line_1_21' title="bbox 469 3168 1533 3267; baseline 0.004 -31"><span class='ocrx_word' id='word_1_138' title='bbox 469 3190 511 3237; x_wconf 80' lang='lat' dir='ltr'><strong>ex</strong></span> <span class='ocrx_word' id='word_1_139' title='bbox 536 3190 576 3236; x_wconf 93' lang='lat' dir='ltr'><strong>ea</strong></span> <span class='ocrx_word' id='word_1_140' title='bbox 589 3190 768 3241; x_wconf 89' lang='lat' dir='ltr'><strong>canonum</strong></span> <span class='ocrx_word' id='word_1_141' title='bbox 798 3170 1008 3241; x_wconf 89' lang='lat' dir='ltr'><strong>auctoritate</strong></span> <span class='ocrx_word' id='word_1_142' title='bbox 1034 3181 1257 3267; x_wconf 90' lang='lat' dir='ltr'><strong>assumptum</strong></span> <span class='ocrx_word' id='word_1_143' title='bbox 1283 3182 1348 3262; x_wconf 90' lang='lat' dir='ltr'><strong>est,</strong></span> <span class='ocrx_word' id='word_1_144' title='bbox 1367 3168 1431 3241; x_wconf 90' lang='lat' dir='ltr'><strong>ubi</strong></span> <span class='ocrx_word' id='word_1_145' title='bbox 1455 3168 1533 3240; x_wconf 82' lang='lat' dir='ltr'><strong>lraec</strong></span> 
     </span>
     <span class='ocr_line' id='line_1_22' title="bbox 469 3278 1532 3383; baseline 0.004 -32"><span class='ocrx_word' id='word_1_146' title='bbox 469 3278 622 3353; x_wconf 90' lang='lat' dir='ltr'><strong>habetur</strong></span> <span class='ocrx_word' id='word_1_147' title='bbox 633 3284 808 3357; x_wconf 86' lang='lat' dir='ltr'><strong>sententia</strong></span> <span class='ocrx_word' id='word_1_148' title='bbox 827 3311 835 3354; x_wconf 80' lang='lat' dir='ltr'><strong><em>z</em></strong></span> <span class='ocrx_word' id='word_1_149' title='bbox 854 3282 1094 3383; x_wconf 80' lang='lat' dir='ltr'><strong>obligationes</strong></span> <span class='ocrx_word' id='word_1_150' title='bbox 1108 3300 1233 3355; x_wconf 79' lang='lat' dir='ltr'><strong>contra</strong></span> <span class='ocrx_word' id='word_1_151' title='bbox 1243 3308 1371 3381; x_wconf 74' lang='lat' dir='ltr'><strong>pacem</strong></span> <span class='ocrx_word' id='word_1_152' title='bbox 1391 3286 1429 3354; x_wconf 84' lang='lat' dir='ltr'><strong>in</strong></span> <span class='ocrx_word' id='word_1_153' title='bbox 1441 3286 1532 3355; x_wconf 80' lang='lat' dir='ltr'><strong>irri-</strong></span> 
     </span>
     <span class='ocr_line' id='line_1_23' title="bbox 469 3396 974 3470; baseline 0.004 -3"><span class='ocrx_word' id='word_1_154' title='bbox 469 3411 543 3467; x_wconf 83' lang='lat' dir='ltr'><strong>tum</strong></span> <span class='ocrx_word' id='word_1_155' title='bbox 563 3399 710 3468; x_wconf 82' lang='lat' dir='ltr'><strong>omnino</strong></span> <span class='ocrx_word' id='word_1_156' title='bbox 725 3396 974 3470; x_wconf 82' lang='lat' dir='ltr'><strong>reducantnr⁸.</strong></span> 
     </span>
    </p>

    <p class='ocr_par' dir='ltr' id='par_1_4' title="bbox 515 3512 1531 3613">
     <span class='ocr_line' id='line_1_24' title="bbox 515 3512 1531 3613; baseline 0.005 -31"><span class='ocrx_word' id='word_1_157' title='bbox 515 3514 639 3585; x_wconf 88' lang='lat' dir='ltr'><strong>XXIll.</strong></span> <span class='ocrx_word' id='word_1_158' title='bbox 660 3514 752 3601; x_wconf 90' lang='lat' dir='ltr'><strong>Quia</strong></span> <span class='ocrx_word' id='word_1_159' title='bbox 776 3512 968 3587; x_wconf 87' lang='lat' dir='ltr'><strong>fortissima</strong></span> <span class='ocrx_word' id='word_1_160' title='bbox 992 3539 1118 3611; x_wconf 84' lang='lat' dir='ltr'><strong>regum</strong></span> <span class='ocrx_word' id='word_1_161' title='bbox 1138 3514 1296 3607; x_wconf 80' lang='lat' dir='ltr'><strong>dextera,</strong></span> <span class='ocrx_word' id='word_1_162' title='bbox 1320 3514 1430 3588; x_wconf 86' lang='lat' dir='ltr'><strong>officii</strong></span> <span class='ocrx_word' id='word_1_163' title='bbox 1449 3516 1531 3613; x_wconf 90' lang='lat' dir='ltr'><strong>jure</strong></span> 
     </span>
    </p>
   </div>
   <div class='ocr_carea' id='block_1_4' title="bbox 430 3705 1533 4448">
    <p class='ocr_par' dir='ltr' id='par_1_5' title="bbox 467 3705 1533 3959">
     <span class='ocr_line' id='line_1_25' title="bbox 508 3705 1530 3791; baseline 0.006 -24"><span class='ocrx_word' id='word_1_164' title='bbox 508 3713 539 3767; x_wconf 91' lang='grc'><strong>1.</strong></span> <span class='ocrx_word' id='word_1_165' title='bbox 550 3706 701 3786; x_wconf 80' lang='lat' dir='ltr'><strong>Reliquam</strong></span> <span class='ocrx_word' id='word_1_166' title='bbox 712 3705 799 3788; x_wconf 85' lang='lat' dir='ltr'><strong>hujus</strong></span> <span class='ocrx_word' id='word_1_167' title='bbox 810 3710 907 3791; x_wconf 86' lang='lat' dir='ltr'><strong>operis</strong></span> <span class='ocrx_word' id='word_1_168' title='bbox 924 3722 1047 3791; x_wconf 86' lang='lat' dir='ltr'><strong>partem,</strong></span> <span class='ocrx_word' id='word_1_169' title='bbox 1063 3708 1196 3789; x_wconf 87' lang='lat' dir='ltr'><strong>capitulis</strong></span> <span class='ocrx_word' id='word_1_170' title='bbox 1212 3730 1356 3784; x_wconf 86' lang='lat' dir='ltr'><strong>mancam,</strong></span> <span class='ocrx_word' id='word_1_171' title='bbox 1368 3711 1451 3785; x_wconf 85' lang='lat' dir='ltr'><strong>juxta</strong></span> <span class='ocrx_word' id='word_1_172' title='bbox 1464 3732 1530 3773; x_wconf 86' lang='lat' dir='ltr'><strong>ma·</strong></span> 
     </span>
     <span class='ocr_line' id='line_1_26' title="bbox 467 3799 1533 3884; baseline 0.007 -25"><span class='ocrx_word' id='word_1_173' title='bbox 467 3799 682 3881; x_wconf 87' lang='lat' dir='ltr'><strong>nuscriptorum</strong></span> <span class='ocrx_word' id='word_1_174' title='bbox 695 3802 828 3863; x_wconf 86' lang='lat' dir='ltr'><strong>codicum</strong></span> <span class='ocrx_word' id='word_1_175' title='bbox 841 3816 871 3864; x_wconf 91' lang='lat' dir='ltr'><strong>et</strong></span> <span class='ocrx_word' id='word_1_176' title='bbox 883 3804 1042 3884; x_wconf 71' lang='lat' dir='ltr'><strong>prasertim</strong></span> <span class='ocrx_word' id='word_1_177' title='bbox 1055 3804 1163 3864; x_wconf 89' lang='lat' dir='ltr'><strong>codicis</strong></span> <span class='ocrx_word' id='word_1_178' title='bbox 1178 3808 1235 3865; x_wconf 75' lang='lat' dir='ltr'><strong>tlt</strong></span> <span class='ocrx_word' id='word_1_179' title='bbox 1251 3804 1440 3865; x_wconf 80' lang='lat' dir='ltr'><strong>indicationes</strong></span> <span class='ocrx_word' id='word_1_180' title='bbox 1458 3808 1533 3867; x_wconf 88' lang='lat' dir='ltr'><strong>divi·</strong></span> 
     </span>
     <span class='ocr_line' id='line_1_27' title="bbox 468 3892 780 3959; baseline 0.019 -8"><span class='ocrx_word' id='word_1_181' title='bbox 468 3892 593 3952; x_wconf 86' lang='lat' dir='ltr'><strong>dendam</strong></span> <span class='ocrx_word' id='word_1_182' title='bbox 606 3894 780 3959; x_wconf 82' lang='lat' dir='ltr'><strong>curavimus.</strong></span> 
     </span>
    </p>

    <p class='ocr_par' dir='ltr' id='par_1_6' title="bbox 509 3990 1049 4063">
     <span class='ocr_line' id='line_1_28' title="bbox 509 3990 1049 4063; baseline 0.009 -17"><span class='ocrx_word' id='word_1_183' title='bbox 509 3992 540 4051; x_wconf 72' lang='lat'><strong>2.</strong></span> <span class='ocrx_word' id='word_1_184' title='bbox 555 3990 636 4045; x_wconf 76' lang='lat' dir='ltr'><strong>lusto</strong></span> <span class='ocrx_word' id='word_1_185' title='bbox 640 3991 752 4063; x_wconf 85' lang='lat' dir='ltr'><strong>judicio</strong></span> <span class='ocrx_word' id='word_1_186' title='bbox 766 3991 837 4062; x_wconf 66' lang='lat'><strong>5¹13,</strong></span> <span class='ocrx_word' id='word_1_187' title='bbox 851 3993 943 4063; x_wconf 76' lang='lat'><strong>5925,</strong></span> <span class='ocrx_word' id='word_1_188' title='bbox 960 3992 1049 4052; x_wconf 78' lang='lat'><strong>6265.</strong></span> 
     </span>
    </p>

    <p class='ocr_par' dir='ltr' id='par_1_7' title="bbox 430 4082 1294 4157">
     <span class='ocr_line' id='line_1_29' title="bbox 430 4082 1294 4157; baseline 0.006 -20"><span class='ocrx_word' id='word_1_189' title='bbox 430 4115 434 4123; x_wconf 53' lang='grc' dir='ltr'><strong><em>ι</em></strong></span> <span class='ocrx_word' id='word_1_190' title='bbox 479 4134 485 4143; x_wconf 90' lang='grc'>,</span> <span class='ocrx_word' id='word_1_191' title='bbox 509 4082 540 4138; x_wconf 83' lang='grc'><strong>3.</strong></span> <span class='ocrx_word' id='word_1_192' title='bbox 555 4082 788 4157; x_wconf 64' lang='lat' dir='ltr'><strong>propriaetate,</strong></span> <span class='ocrx_word' id='word_1_193' title='bbox 806 4086 885 4141; x_wconf 74' lang='lat'>⁵925</span> <span class='ocrx_word' id='word_1_194' title='bbox 896 4095 925 4143; x_wconf 87' lang='lat' dir='ltr'><strong>et</strong></span> <span class='ocrx_word' id='word_1_195' title='bbox 939 4084 1008 4145; x_wconf 91' lang='lat' dir='ltr'><strong>edd.</strong></span> <span class='ocrx_word' id='word_1_196' title='bbox 1025 4085 1125 4146; x_wconf 87' lang='lat' dir='ltr'><strong>Germ.</strong></span> <span class='ocrx_word' id='word_1_197' title='bbox 1140 4104 1174 4143; x_wconf 87' lang='lat' dir='ltr'><strong>ac</strong></span> <span class='ocrx_word' id='word_1_198' title='bbox 1190 4083 1294 4144; x_wconf 86' lang='lat' dir='ltr'><strong>Chesn.</strong></span> 
     </span>
    </p>

    <p class='ocr_par' dir='ltr' id='par_1_8' title="bbox 470 4176 1532 4349">
     <span class='ocr_line' id='line_1_30' title="bbox 509 4176 1532 4257; baseline 0.008 -26"><span class='ocrx_word' id='word_1_199' title='bbox 509 4176 539 4232; x_wconf 79' lang='lat'><strong>4.</strong></span> <span class='ocrx_word' id='word_1_200' title='bbox 559 4176 665 4233; x_wconf 78' lang='lat' dir='ltr'><strong>Livn&#39;ci</strong></span> <span class='ocrx_word' id='word_1_201' title='bbox 684 4177 964 4238; x_wconf 56' lang='lat' dir='ltr'><strong>mla-Lumo</strong></span> <span class='ocrx_word' id='word_1_202' title='bbox 988 4181 1049 4238; x_wconf 75' lang='lat' dir='ltr'><strong>tas</strong></span> <span class='ocrx_word' id='word_1_203' title='bbox 1061 4190 1091 4236; x_wconf 85' lang='lat' dir='ltr'><strong>et</strong></span> <span class='ocrx_word' id='word_1_204' title='bbox 1107 4178 1155 4237; x_wconf 89' lang='lat' dir='ltr'><strong>ed.</strong></span> <span class='ocrx_word' id='word_1_205' title='bbox 1176 4177 1425 4239; x_wconf 68' lang='lat' dir='ltr'><strong>etun-Nunc</strong></span> <span class='ocrx_word' id='word_1_206' title='bbox 1445 4187 1532 4257; x_wconf 76' lang='lat' dir='ltr'><em>Livry</em></span> 
     </span>
     <span class='ocr_line' id='line_1_31' title="bbox 470 4264 717 4349; baseline 0.016 -23"><span class='ocrx_word' id='word_1_207' title='bbox 470 4264 717 4349; x_wconf 68' lang='lat' dir='ltr'><strong>(Serme-oue).</strong></span> 
     </span>
    </p>

    <p class='ocr_par' dir='ltr' id='par_1_9' title="bbox 509 4365 1530 4448">
     <span class='ocr_line' id='line_1_32' title="bbox 509 4365 1530 4448; baseline 0.009 -28"><span class='ocrx_word' id='word_1_208' title='bbox 509 4366 539 4421; x_wconf 76' lang='lat'><strong>5.</strong></span> <span class='ocrx_word' id='word_1_209' title='bbox 555 4365 738 4421; x_wconf 73' lang='lat' dir='ltr'><strong>Dedaccantur</strong></span> <span class='ocrx_word' id='word_1_210' title='bbox 750 4366 857 4439; x_wconf 56' lang='lat' dir='ltr'><strong>tanet</strong></span> <span class='ocrx_word' id='word_1_211' title='bbox 867 4365 936 4427; x_wconf 92' lang='lat' dir='ltr'><strong>edd.</strong></span> <span class='ocrx_word' id='word_1_212' title='bbox 950 4366 1049 4427; x_wconf 87' lang='lat' dir='ltr'><strong>Germ.</strong></span> <span class='ocrx_word' id='word_1_213' title='bbox 1065 4386 1100 4426; x_wconf 92' lang='lat' dir='ltr'><strong>ac</strong></span> <span class='ocrx_word' id='word_1_214' title='bbox 1114 4366 1261 4427; x_wconf 79' lang='lat' dir='ltr'><strong>chosm-</strong></span> <span class='ocrx_word' id='word_1_215' title='bbox 1273 4370 1358 4426; x_wconf 76' lang='lat' dir='ltr'><strong>Anno</strong></span> <span class='ocrx_word' id='word_1_216' title='bbox 1374 4370 1450 4428; x_wconf 90' lang='grc'>1113</span> <span class='ocrx_word' id='word_1_217' title='bbox 1472 4389 1530 4448; x_wconf 86' lang='lat' dir='ltr'><strong>pax</strong></span> 
     </span>
    </p>
   </div>
   <div class='ocr_carea' id='block_1_5' title="bbox 468 4452 1529 4610">
    <p class='ocr_par' dir='ltr' id='par_1_10' title="bbox 468 4452 1529 4610">
     <span class='ocr_line' id='line_1_33' title="bbox 468 4452 1529 4537; baseline 0.01 -26"><span class='ocrx_word' id='word_1_218' title='bbox 468 4452 519 4512; x_wconf 89' lang='lat' dir='ltr'><strong>illa</strong></span> <span class='ocrx_word' id='word_1_219' title='bbox 536 4453 614 4515; x_wconf 87' lang='lat' dir='ltr'><strong>iuter</strong></span> <span class='ocrx_word' id='word_1_220' title='bbox 631 4474 728 4533; x_wconf 81' lang='lat' dir='ltr'><strong>regem</strong></span> <span class='ocrx_word' id='word_1_221' title='bbox 749 4456 895 4531; x_wconf 75' lang='lat' dir='ltr'><strong>Francia,</strong></span> <span class='ocrx_word' id='word_1_222' title='bbox 913 4477 1010 4535; x_wconf 85' lang='lat' dir='ltr'><strong>regem</strong></span> <span class='ocrx_word' id='word_1_223' title='bbox 1034 4458 1144 4537; x_wconf 79' lang='lat' dir='ltr'><strong>Angliae</strong></span> <span class='ocrx_word' id='word_1_224' title='bbox 1160 4471 1191 4521; x_wconf 87' lang='lat' dir='ltr'><strong>et</strong></span> <span class='ocrx_word' id='word_1_225' title='bbox 1210 4458 1344 4520; x_wconf 88' lang='lat' dir='ltr'><strong>comitem</strong></span> <span class='ocrx_word' id='word_1_226' title='bbox 1366 4459 1529 4523; x_wconf 84' lang='lat' dir='ltr'><strong>Blesensem</strong></span> 
     </span>
     <span class='ocr_line' id='line_1_34' title="bbox 468 4545 607 4610; baseline 0 -5"><span class='ocrx_word' id='word_1_227' title='bbox 468 4545 540 4610; x_wconf 87' lang='lat' dir='ltr'><strong>inita</strong></span> <span class='ocrx_word' id='word_1_228' title='bbox 554 4560 607 4609; x_wconf 88' lang='lat' dir='ltr'><strong>est.</strong></span> 
     </span>
    </p>
   </div>
   <div class='ocr_carea' id='block_1_6' title="bbox 0 0 1877 5667">
    <p class='ocr_par' dir='ltr' id='par_1_11' title="bbox 0 0 1877 5667">
     <span class='ocr_line' id='line_1_35' title="bbox 0 0 1877 5667; baseline 0 0"><span class='ocrx_word' id='word_1_229' title='bbox 0 0 1877 5667; x_wconf 95' lang='lat' dir='ltr'><strong> </strong></span> 
     </span>
    </p>
   </div>
  </div>
 </body>
</html>
