3742 5667
566 769 628 827 vm
649 768 701 826 DE
720 768 832 827 touls
853 767 900 825 tn
920 768 1029 829 (tuos.
1271 773 1328 831 117

267 896 439 993 gislilius,
456 922 543 971 cum
564 902 790 973 successisset
812 900 895 998 jure
922 899 1242 997 consanguinitatis
1257 902 1330 975 for-

268 1015 403 1089 tissimo
417 1017 542 1089 comiti
553 1016 744 1113 balduino,
756 1015 1070 1117 Hierosolymitani
1082 1015 1229 1090 Roberti
1239 1017 1327 1111 filio,

269 1119 441 1205 Flandriae
455 1149 589 1207 terram
602 1134 707 1208 ualde
720 1134 932 1233 populosam
953 1148 1028 1206 tam
1054 1149 1198 1207 strenue
1220 1162 1331 1233 quam,

270 1245 456 1345 diligenter
471 1250 758 1341 administrabat,
774 1251 932 1325 ecclesiae
950 1252 1017 1324 Dei
1038 1250 1183 1325 illustris
1204 1251 1330 1327 defen·

271 1389 339 1459 sor,
363 1366 676 1468 eleemosynarum
697 1367 907 1442 liberalitate
936 1368 1166 1466 conspicuus,
1187 1368 1331 1467 justitiae

271 1497 365 1555 tutor
378 1484 542 1581 insignis.
560 1485 633 1575 Qui
657 1511 742 1560 cum
758 1484 926 1559 debitor¹
946 1485 1094 1558 honoris
1107 1485 1242 1586 adepti,
1261 1509 1329 1584 po·

271 1614 383 1673 tenter
398 1602 578 1699 quosdam
593 1627 721 1699 genere
736 1601 903 1693 humiles,
921 1602 1052 1701 opibus
1068 1602 1192 1694 elatos,
1211 1602 1329 1675 domi·

271 1717 329 1788 nio
352 1715 431 1814 ejus
455 1718 589 1793 lineam
620 1719 937 1818 consanguinitatis
965 1718 1152 1791 absentare
1177 1717 1330 1818 superbe

271 1832 460 1907 innitentes
486 1836 606 1933 (erant
638 1837 736 1909 enim
758 1836 805 1909 de
819 1835 905 1908 saoce
927 1833 1145 1908 conditionis
1162 1833 1328 1931 servilis),

269 1948 401 2045 judicio
413 1952 789 2026 curiaeconvenieuter
808 1953 892 2024 satis
916 1966 1105 2052 repeteret,
1128 1951 1210 2050 ipsi,
1228 1950 1329 2025 vide·

272 2062 351 2137 licet
368 2068 557 2163 Bmgensis
579 2068 737 2142 ecclesiae
754 2070 967 2168 praepositus
983 2082 1020 2141 et
1036 2068 1104 2162 sui,
1120 2066 1190 2141 viri
1206 2091 1331 2168 super-

273 2179 404 2255 bissimi
424 2198 462 2255 et
482 2184 610 2257 famosi
630 2185 847 2286 proditores,
871 2185 1118 2259 crudelissime
1132 2186 1163 2257 ei
1190 2184 1333 2257 insidia·

274 2297 411 2371 bantur.
447 2304 540 2373 Cum
570 2302 678 2398 igitur
709 2303 867 2401 quadam
902 2302 961 2375 die
998 2307 1129 2398 Bruges
1162 2301 1329 2394 venisset,

275 2440 412 2489 summo
458 2442 565 2491 mane
598 2418 754 2492 ecclesiae
794 2421 863 2493 Dei
896 2420 1084 2514 assistens,
1125 2418 1332 2519 pavimento

275 2548 487 2633 prostratus,
516 2533 653 2608 librum
679 2537 887 2609 orationum
902 2562 1013 2609 manu
1038 2552 1163 2609 tenens
1178 2535 1328 2609 orabat:

276 2675 352 2721 mm
379 2648 500 2723 subito
525 2651 762 2726 Buchardus'
794 2653 964 2751 quidam,
996 2677 1108 2753 nepos
1150 2650 1331 2752 praepositi

276 2768 420 2866 prefati,
445 2768 588 2842 satelles
623 2768 869 2862 truculentus,
905 2794 991 2841 cum
1020 2769 1098 2842 aliis
1124 2768 1170 2841 de
1204 2767 1331 2840 eadem

277 2884 537 2957 sceleratissima
579 2883 698 2959 radice
739 2900 775 2958 et
813 2884 890 2957 aliis
931 2885 1135 2958 traditionis
1170 2885 1332 2984 pessimae

279 3001 515 3101 complicibus,
535 3003 669 3096 oranti,
686 3004 797 3074 immo
813 3006 891 3074 Deo
904 3002 1081 3101 loquenti,
1097 3002 1204 3075 tacite
1221 3016 1333 3075 retro-

281 3118 380 3209 cedit,
398 3133 434 3190 et
452 3133 559 3192 caute
579 3118 697 3215 gladio
724 3120 938 3215 evaginato,
964 3118 1099 3191 collum
1123 3134 1226 3191 terroe
1250 3140 1333 3218 pro·

282 3250 415 3308 suatum
428 3236 572 3309 comitis
589 3236 795 3308 suavissime
814 3250 1024 3332 tangens‚ut
1035 3235 1225 3333 paululum
1236 3258 1333 3307 erec-

282 3365 349 3423 tum
363 3352 521 3424 ferientis
537 3351 657 3448 gladio
687 3377 724 3424 se
743 3352 926 3452 inopinate
949 3350 1131 3448 dirigeret,
1156 3376 1278 3424 ensem
1298 3348 1333 3422 ei

283 3467 462 3568 applicans,
482 3495 559 3542 uno
582 3471 656 3543 ictu
686 3470 818 3568 impius
844 3472 962 3568 pium,
990 3494 1112 3541 servus
1136 3467 1331 3543 dominum

217 3640 223 3651 .
284 3586 539 3661 sceleratissime
562 3586 781 3660 detruncat⁸.
806 3587 878 3675 Qui
903 3602 1025 3659 autem
1048 3586 1212 3658 astabant
1234 3584 1331 3657 necis

284 3703 387 3803 impiae
407 3718 674 3804 cooperatores,
712 3704 921 3801 sauguinem
942 3704 1019 3802 ejus
1042 3703 1228 3796 sitientes,
1251 3715 1333 3774 tan·

287 3971 379 4025 comes,
391 3953 532 4013 Baldnino
552 3952 688 4015 successit
704 3973 782 4014 anno
801 3958 899 4030 11193
915 3955 997 4031 cuius
1012 3953 1113 4035 vitem,
1130 3971 1197 4012 cum
1219 3946 1332 4029 Sngerii

287 4046 434 4109 numdone
455 4047 682 4125 conferendam,
703 4048 818 4129 scripsit
837 4049 1009 4125 Galbertos,
1028 4046 1184 4129 Brugensis
1204 4044 1333 4105 notarius

288 4160 333 4200 seu
345 4142 472 4220 syndicus
485 4147 532 4216 (In
542 4148 624 4202 Actis
636 4148 815 4217 Sanctorum,
829 4143 936 4203 mensis
957 4142 1054 4202 martii
1067 4154 1138 4203 tom.
1156 4145 1181 4220 1,
1203 4162 1234 4221 p.
1258 4142 1330 4201 119.

288 4237 387 4296 Transl.
398 4237 428 4296 in
441 4235 611 4297 collectione
626 4242 736 4309 Guizot,
752 4250 774 4300 t.
790 4237 884 4319 vul).

326 4334 354 4389 1.
363 4331 465 4406 veltro,
479 4332 560 4412 apud
571 4332 690 4392 Freher.

326 4426 354 4483 2.
365 4427 518 4482 sueardus
531 4428 642 4486 12710.

327 4517 413 4579 &Die
423 4518 569 4590 mercurii,
585 4518 682 4579 martii
694 4519 834 4591 secundo,
845 4537 893 4580 an.
911 4520 1001 4579 1111.
