3742 5667
610 755 673 811 VlE
693 754 743 809 ott
764 753 875 811 Loots
895 754 943 811 LE
963 753 1073 811 GROS.
1335 758 1367 812 et

312 909 398 957 cum
410 881 541 957 eadem
553 883 614 957 die
628 884 750 958 lancea
760 910 949 984 percussus
960 886 1102 958 comitis
1126 886 1308 984 Stephani,
1331 910 1375 959 ex

313 1014 414 1098 parte
434 1001 528 1097 regis
541 1000 757 1093 dimicantis,
776 1026 886 1098 regno
903 1026 1027 1101 pacem
1049 1001 1259 1092 firmaverit,
1279 1016 1314 1073 et
1338 1026 1375 1074 se

314 1130 351 1187 et
363 1140 467 1189 suam
483 1140 650 1213 guerram
665 1118 712 1190 ad
736 1118 866 1191 insemi
881 1118 1074 1192 novissima
1097 1117 1235 1190 infinite
1260 1115 1377 1190 debel-

312 1230 422 1304 lando
440 1233 676 1307 transtulerit.
694 1236 838 1308 Mortuo
857 1234 978 1331 itaque
996 1233 1070 1306 lilio
1086 1232 1215 1307 Odone
1229 1232 1373 1324 comite,

311 1370 436 1421 oomes
450 1347 679 1422 Theobaldus
698 1374 782 1421 cum
799 1364 928 1441 matre,
943 1365 978 1422 et
994 1374 1058 1449 per
1074 1347 1243 1422 Milonem
1263 1363 1299 1421 et
1313 1371 1379 1446 per

316 1466 521 1559 Hugonem,
548 1464 837 1563 quibuscumque
859 1480 1025 1565 poterant
1045 1462 1151 1538 donis
1174 1479 1210 1537 et
1231 1464 1323 1537 datis
1343 1478 1380 1536 et

311 1578 499 1676 pollicitis,
517 1581 766 1655 omnimodam
782 1581 918 1655 dabant
929 1606 1079 1681 operam
1094 1597 1147 1673 ut,
1168 1580 1198 1652 si
1210 1579 1379 1653 boccum

312 1693 583 1769 collateralibus
605 1712 760 1770 castrum
782 1696 948 1769 obtinere
976 1711 1134 1796 possent,
1162 1720 1283 1792 regem
1299 1720 1379 1769 om-

313 1811 403 1883 nino
429 1812 680 1885 eviscerarent.
699 1817 850 1885 Econtra
866 1838 927 1884 rex
953 1826 989 1884 et
1014 1812 1067 1884 sui
1090 1836 1152 1885 eos
1169 1811 1377 1903 refellendo,

314 1950 399 1999 cum
414 1926 534 2000 multo
549 1942 586 1999 et
600 1944 813 2027 sumptuoso
824 1927 950 2001 labore
968 1927 1013 2001 ad
1030 1926 1269 2001 obtinendum
1285 1928 1380 1999 insu·

314 2041 446 2135 dasset,
477 2042 613 2141 absque
637 2044 772 2142 praelati
800 2045 960 2140 Hugonis
985 2044 1262 2136 deliberatione,
1296 2043 1381 2141 quia

313 2160 461 2231 comitis
480 2185 594 2260 nepos
622 2176 711 2250 erat,
739 2161 890 2234 minime
910 2161 1042 2260 potuit.
1075 2164 1166 2233 Data
1192 2160 1300 2257 igitur
1325 2158 1382 2230 his

315 2276 503 2375 explendis
518 2276 577 2350 die
591 2292 629 2348 et
642 2277 736 2368 loco,
752 2292 917 2377 patenter
928 2277 1105 2351 malorum
1123 2300 1292 2377 presago,
1310 2276 1380 2347 sci-

314 2390 399 2464 licet
418 2392 516 2491 apud
535 2391 657 2464 villam
684 2393 841 2492 episcopi
887 2394 1092 2468 Parisiensis
1122 2390 1380 2465 Moussiacum¹

316 2530 402 2581 cum
416 2508 724 2597 eonvenissemus,
744 2524 780 2581 et
792 2510 830 2579 in
845 2524 949 2608 parte
961 2510 1088 2582 nociva
1105 2524 1140 2583 et
1156 2509 1193 2580 in
1210 2522 1309 2606 parte
1320 2507 1381 2603 ju·

315 2624 433 2696 vativa
449 2622 546 2697 soret
560 2624 637 2721 ejus
659 2623 883 2716 deliberatio,
908 2626 1081 2722 quoniam
1104 2648 1177 2696 non
1197 2622 1381 2721 potuimus

315 2738 418 2837 quod
436 2738 630 2828 voluimus,
649 2739 853 2811 voluimus¹
871 2739 971 2837 quod
994 2740 1190 2839 potuimus.
1211 2736 1382 2834 abjurato

315 2853 497 2952 siquidem
513 2855 561 2928 ab
586 2880 630 2927 eo
654 2854 826 2928 Curboilo
853 2870 983 2945 castro,
1007 2856 1108 2952 cujus
1134 2879 1171 2926 se
1199 2851 1381 2924 haeredem

312 2969 486 3066 jactabat,
514 2969 692 3067 abjuravit
720 2969 825 3042 nobis
846 2969 1016 3042 omnibus
1040 2995 1167 3042 omnes
1195 2968 1377 3064 angarias,

315 3110 443 3160 omnes
460 3086 588 3179 tallias,
605 3111 731 3159 omnes
748 3088 951 3159 vexationes
968 3087 1133 3159 omnium
1149 3084 1380 3158 ecclesiarum

316 3218 352 3277 et
376 3203 678 3277 monasteriorum
703 3203 993 3301 possessionum
1020 3220 1057 3275 et
1080 3203 1172 3275 datis
1195 3199 1381 3274 obsidibus

316 3319 457 3418 probis
475 3318 658 3410 omnibus,
674 3334 711 3391 et
726 3319 826 3416 quod
842 3319 1029 3392 Puteolum
1043 3343 1229 3417 nunquam
1245 3316 1381 3414 absque

317 3434 459 3508 domini
480 3436 571 3529 regis
600 3434 760 3508 firmaret
791 3435 989 3529 voluntate,
1022 3434 1186 3534 perfidia,
1213 3457 1286 3506 non
1306 3446 1381 3504 arte

318 3550 447 3645 delusi,
472 3550 679 3625 redivimus.

358 3820 390 3877 l.
404 3813 454 3876 Sic
464 3823 545 3894 quat.
561 3811 647 3874 oodd.
661 3830 696 3871 ac
708 3810 778 3873 edit.
797 3808 945 3870 Benedict.
959 3842 998 3855 -
1008 3814 1181 3881 Mosaicum,
1193 3827 1244 3867 seu
1256 3811 1382 3881 Mosar-

319 3906 569 3984 ammaonte
580 3902 1083 3982 edd-Mosr‘aermrinquibusdam
1094 3898 1384 3978 mss.codicibuslegi

321 4007 420 4067 asserit
433 4004 601 4065 Hadrianus
613 4002 650 4061 de
663 4000 788 4071 valesio,
800 4003 913 4061 Notitid
926 4002 1038 4069 Gallia,
1056 4018 1087 4075 p.
1104 3998 1180 4070 t233
1196 4008 1226 4054 et
1242 4000 1382 4056 Molaria·

322 4120 381 4159 cam
405 4097 544 4159 scribitur
558 4096 590 4156 in
612 4098 711 4155 Gallio
725 4095 902 4166 carterium,
917 4102 988 4150 tom.
1000 4093 1064 4165 vlt,
1080 4088 1137 4151 col.
1154 4092 1223 4148 lli.
1239 4088 1381 4169 llumdem

321 4194 414 4255 mum
428 4191 524 4253 nostri
545 4195 686 4251 vocarunt
699 4185 770 4245 olim
781 4175 1063 4263 Moisry-FE'adque,
1080 4180 1168 4243 hodie
1180 4182 1382 4251 Moriar-Cra·

321 4293 414 4363 mayel
422 4281 713 4367 (ὃιίηε-ει-Μανηε).

357 4390 388 4446 2.
402 4382 452 4443 Sic
471 4378 593 4441 codices
608 4395 709 4439 omnes
725 4388 755 4436 et
772 4374 842 4435 edit.
864 4370 1013 4434 Benedict.
1035 4402 1075 4416 -
1093 4374 1241 4433 Nouimus
1261 4367 1292 4427 in
1310 4364 1384 4427 reli·

317 4478 379 4561 quis
392 4476 463 4540 edd.

1245 4573 1263 4628 b
