3742 5667
408 862 410 866 ι
501 785 557 844 sut
718 780 881 839 oeuvnm
899 761 1112 838 cottonius
1133 779 1182 838 un
1203 779 1336 838 suoru.

500 929 623 988 monte
648 914 694 987 de
721 913 821 1005 Pois;
838 911 915 1003 ubi,
943 912 1041 1010 juxta
1065 911 1275 1010 petitionem
1294 927 1459 1002 vestram,
1488 936 1559 1012 pro

498 1031 668 1128 augendis
684 1053 854 1128 agrorum
874 1043 1075 1102 vestrorum
1095 1026 1290 1121 laboribus,
1310 1028 1355 1101 de
1370 1029 1445 1129 ipsa
1462 1043 1556 1103 term

498 1173 557 1222 sex
574 1146 749 1221 modiatas
765 1145 923 1245 plenarie
941 1143 1082 1234 divisas,
1099 1167 1244 1218 assensu
1263 1143 1406 1245 capituli
1423 1147 1551 1239 nostri,

496 1289 565 1365 pro
585 1287 706 1337 annuo
721 1285 831 1337 ceusu
855 1260 961 1337 unius
979 1259 1092 1334 modii
1113 1257 1307 1334 mediocris
1325 1261 1491 1336 frumenti
1515 1280 1554 1337 et

495 1380 608 1454 altero
624 1402 746 1452 avenae
765 1376 868 1450 vobis
888 1377 925 1450 in
950 1391 1121 1477 perpetua
1143 1375 1306 1451 libertate
1321 1378 1553 1477 possidendas

495 1493 770 1571 contribuimus.
789 1494 898 1584 Quod
913 1494 1005 1568 duos
1020 1491 1162 1568 modios
1181 1493 1360 1592 usquead
1382 1493 1552 1569 festivita·

495 1628 569 1686 tem
581 1613 744 1686 omniurn
761 1623 967 1684 sanctorum
980 1607 1123 1704 singulis
1136 1609 1239 1682 annis
1252 1609 1423 1684 ministris
1430 1613 1549 1686 Sancti

494 1726 654 1826 Dionysii
668 1724 839 1817 reddetis,
850 1725 889 1796 in
898 1723 1067 1823 praedicta
1078 1724 1220 1820 grangia
1236 1739 1353 1798 vestra
1369 1728 1547 1824 quaesitos.

494 1842 661 1918 Reddetis
683 1855 804 1914 autem
819 1839 902 1912 illos
923 1838 1067 1940 publica
1080 1863 1247 1912 mettsura
1269 1838 1370 1913 urbis
1394 1865 1473 1940 quse
1493 1841 1550 1916 his

493 1958 715 2058 temporibus
748 1954 938 2029 vendendo
966 1969 1004 2030 et
1039 1955 1194 2030 emendo
1232 1955 1403 2030 decurrit.
1437 1959 1548 2031 Porro

493 2072 661 2172 deinceps
679 2073 726 2146 de
750 2069 920 2145 omnibus
940 2096 1019 2172 quae
1040 2072 1086 2145 od
1112 2097 1178 2146 nos
1194 2073 1232 2145 in
1258 2071 1406 2146 decimis
1421 2097 1483 2146 seu
1511 2075 1546 2146 in

491 2191 647 2287 terragiis
665 2189 864 2289 pertinent,
889 2189 1040 2290 plenam¹
1056 2187 1247 2265 obtineatis
1269 2186 1543 2263 absolutionem.

542 2309 667 2380 Actum
691 2306 727 2378 in
747 2303 902 2404 capitulo
918 2307 1039 2381 Sancti
1073 2307 1244 2404 Dionysii,
1261 2330 1358 2379 anno
1370 2304 1417 2378 ab
1434 2305 1548 2379 incar·

489 2421 633 2496 natione
648 2421 793 2494 Domini
808 2423 925 2513 MCL',
944 2419 1139 2496 indictione
1157 2425 1265 2495 XIIl'.

536 2538 685 2635 Signum
703 2536 846 2611 ilenrici
861 2537 1004 2637 prioris.
1019 2539 1166 2635 Signum
1180 2538 1333 2640 Philippi
1349 2539 1543 2640 praepositi.

489 2655 636 2751 Signum
652 2652 823 2728 Willelmi
838 2653 1026 2754 capellani.

535 2775 654 2846 Testes
672 2767 870 2846 Bernardus
884 2769 1041 2866 viiiic'us3
1063 2771 1229 2846 Amulius
1245 2773 1353 2847 irater
1371 2773 1468 2871 ejus;
1487 2772 1543 2845 Α]-

488 2887 611 2962 bortus
626 2887 851 2989 praepositus3
868 2891 991 2984 Drogo
1008 2886 1182 2979 decanus;
1206 2889 1318 2964 etalii
1338 2886 1457 2963 multi.

535 3004 683 3101 Signum
708 3001 869 3098 Gosleni,
896 3004 961 3076 Dei
984 3005 1154 3104 patientia
1186 3007 1397 3081 Suessorum
1426 3005 1543 3080 vocati

489 3119 647 3221 episcopi
655 3122 677 3192 ¹.

487 3441 502 3500 ¹
523 3349 615 3523 ¹551
627 3345 804 3410 chartulario
816 3345 884 3408 albo
897 3349 926 3408 S.
947 3345 1088 3426 Dionysii,
1097 3351 1137 3426 11,
1153 3353 1211 3415 tuo
1228 3350 1357 3428 (Archiv.
1377 3355 1468 3434 Imp,
1482 3354 1540 3428 LL,

510 3445 520 3502 i
581 3485 591 3506 .
