3742 5667
483 777 541 833 tos
702 776 867 833 moveas
887 760 1102 838 contraires
1121 776 1172 834 nr
1191 776 1327 838 suana.

482 905 606 979 sedere
630 906 813 1000 differens,
834 910 872 981 in
887 908 1086 983 marchiam
1101 933 1223 989 uersus
1239 912 1462 983 Mosomum¹
1479 934 1543 983 oc-

482 1024 661 1115 currisset,
687 1048 754 1095 nec
769 1024 987 1122 profecisset,
1009 1024 1318 1123 quemadmodum
1329 1040 1366 1097 et
1379 1039 1541 1097 anteces-

483 1163 581 1212 sores
595 1138 764 1225 fecerant,
780 1140 1016 1213 anathematis
1026 1140 1182 1232 vincnlo,
1196 1138 1305 1239 pleno
1321 1145 1539 1212 Francorum

481 1269 518 1328 et
538 1254 838 1350 lotharingorum
862 1256 1030 1346 concilio,
1055 1257 1242 1329 innodavit
1252 1261 1275 1327 ¹.
1295 1260 1387 1329 Cum
1402 1270 1538 1345 autem,

481 1370 712 1443 ecclesiarum
723 1372 850 1444 votivis
862 1371 996 1445 ditatus
1005 1372 1202 1463 beneficiis,
1222 1372 1373 1469 gloriose
1390 1375 1542 1445 Romam

481 1482 721 1578 pervenisset,
749 1480 902 1577 gloriosa
929 1499 1002 1556 tam
1021 1483 1108 1557 cleri
1125 1508 1235 1582 quam
1253 1484 1380 1582 populi
1399 1483 1542 1557 romani

481 1612 664 1695 susceptus
684 1599 902 1695 receptione,
922 1600 1046 1672 multis
1064 1616 1332 1673 antecessorum
1348 1600 1507 1698 superior
1514 1601 1539 1689 ⁸,

482 1712 637 1784 ecclesiae
660 1738 784 1785 curam
805 1714 955 1786 feliciter
978 1714 1261 1789 administrabat.
1294 1720 1365 1787 Nec
1389 1716 1542 1787 multam

480 1827 601 1901 adhuc
626 1829 664 1901 in
684 1829 769 1901 sede
794 1845 915 1903 sancta
939 1830 1070 1902 fecerat
1096 1854 1250 1917 moram,
1275 1854 1360 1901 oum
1376 1830 1541 1919 Romani,

480 1946 557 2042 ejus
575 1960 650 2017 tam
668 1946 848 2018 nobilitati
872 1970 984 2043 quam
999 1946 1202 2019 liberalitati
1223 1946 1398 2037 faventes,
1425 1947 1542 2019 intru-

479 2087 559 2134 sum
578 2062 625 2134 ab
642 2064 856 2163 imperatore
883 2064 1150 2136 schismaticum
1176 2064 1376 2136 Burdinum
1393 2065 1416 2153 ⁶,
1444 2063 1543 2161 apud

479 2180 621 2250 Sutram
634 2180 833 2270 sedentem,
847 2194 883 2251 et
898 2180 945 2252 ad
957 2178 1080 2252 limina
1087 2179 1339 2278 Apostolorum
1356 2195 1543 2251 transeun-

481 2309 532 2365 tes
554 2294 703 2367 clericos
722 2320 814 2392 genu
837 2295 978 2368 flectere
997 2295 1285 2393 compellentem,
1302 2310 1543 2394 expugnatum

479 2421 671 2482 tenuerunt
686 2439 697 2502 3
724 2426 888 2484 tortuoso
902 2410 1051 2485 animali
1073 2410 1210 2483 camelo
1227 2426 1429 2483 tortuosum
1449 2412 1541 2483 anti·

478 2550 621 2623 papam,
641 2528 755 2599 immo
772 2527 1045 2617 Antichristum,
1065 2525 1187 2599 crudis
1208 2541 1244 2599 et
1264 2527 1543 2625 sanguinolentis

478 2640 631 2739 pellibus
647 2642 801 2739 caprinis
827 2644 1012 2731 amictum,
1041 2656 1280 2714 transversum
1306 2666 1542 2740 superposue-

478 2772 576 2846 runt,
591 2773 628 2829 et
645 2757 879 2853 ignominiam
897 2757 1060 2830 Ecclesiae
1078 2756 1144 2830 Dei
1157 2756 1380 2849 ulciscentes,
1392 2782 1457 2855 per
1468 2783 1544 2829 me·

479 2870 580 2943 dium
596 2874 748 2946 civitatis
766 2873 823 2945 via
841 2874 951 2969 regia,
977 2887 1017 2945 ut
1036 2873 1148 2967 magis
1176 2872 1436 2970 publicaretur,
1459 2872 1546 2945 edu-

478 3002 619 3077 centes,
654 2988 854 3087 imperante
881 2989 1032 3061 domino
1056 3012 1149 3087 papa
1180 2988 1334 3079 Calixto,
1367 3004 1544 3088 perpetuo

479 3125 622 3174 carcere
640 3103 678 3174 in
695 3105 876 3176 montanis
893 3102 1094 3200 Campaniae
1108 3127 1223 3202 prope
1244 3106 1416 3175 Sanctum
1437 3108 1546 3175 Bene-

478 3216 615 3290 dictum
632 3219 851 3317 captivatum
869 3218 1145 3309 damnaverunt,
1163 3232 1200 3290 et
1214 3218 1261 3290 ad
1277 3234 1382 3291 tantae
1396 3218 1545 3291 ultiouis

479 3334 661 3407 memoriae
675 3336 1000 3425 conservationem,
1010 3334 1047 3405 in
1062 3358 1203 3406 camera
1215 3334 1337 3433 palatii
1354 3333 1421 3406 sub
1437 3334 1542 3433 pedi-

477 3448 545 3522 hus
562 3450 701 3524 domini
726 3476 825 3551 papae
843 3449 1095 3523 conculcatum
1114 3448 1366 3549 depinxerunt.
1384 3451 1544 3524 Domino

477 3566 598 3663 itaque
626 3567 763 3641 Calixto
779 3567 933 3664 gloriose
949 3564 1183 3665 praesidente,
1203 3581 1239 3636 et
1259 3581 1420 3665 raptores
1435 3565 1545 3638 Italiae

476 3696 512 3753 et
532 3682 667 3781 Apulia
686 3683 939 3782 perdomante,
957 3680 1174 3781 pontificalis
1199 3682 1377 3755 cathedra
1396 3683 1544 3755 lucerna

517 3948 547 4002 t.
561 3943 605 4000 lta
618 3941 687 4002 edd.
702 3942 808 4001 chesn.
823 3954 852 4002 et
870 3940 1019 4002 Benedict.
1031 3974 1071 3987 -
1083 3944 1236 3999 Mororum
1249 3939 1379 4019 quinque
1398 3940 1486 4000 codd.
1507 3960 1543 3999 ac

477 4032 550 4093 edit.
567 4035 668 4094 Germ.
683 4038 817 4095 -Nunc
829 4040 952 4094 Mouzon
968 4033 1152 4114 (Ardeanes).

519 4131 549 4190 Ξ.
564 4134 710 4187 Iunctaoit
724 4132 835 4191 tatto

518 4227 548 4280 3.
567 4221 614 4282 Sic
636 4228 747 4284 tatto.
769 4256 809 4271 -
829 4229 1012 4301 Superiorem
1029 4222 1079 4283 alii
1099 4236 1180 4303 quat.
1195 4224 1296 4296 codd,
1311 4225 1439 4304 itemque
1458 4227 1540 4298 edd,

479 4314 628 4376 sedmale.
1250 4336 1252 4341 ·

521 4414 551 4467 l.
566 4412 600 4467 In
617 4410 684 4470 cod.
705 4414 776 4484 tta,
800 4423 868 4491 post
885 4408 974 4471 rerba
1002 4412 1210 4471 schismaticum
1231 4416 1409 4484 Burdinum,
1436 4410 1543 4473 avulsis

481 4499 592 4562 dudam
617 4503 728 4563 ceteris
747 4504 840 4580 foliis,
861 4504 976 4586 scripsit
998 4525 1099 4567 manus
1120 4506 1283 4567 recentior:
1313 4512 1419 4565 Desunt
1438 4511 1540 4568 rantra.
