3742 5667
443 794 493 851 un
514 794 561 852 m
583 780 862 855 coustcniuou
883 796 932 853 nn
953 796 1202 857 sum-osum.
1304 800 1362 857 ese

300 923 458 995 berrima
479 924 527 997 ad
559 922 744 1017 libandum
776 927 865 1017 Deo,
898 950 977 1023 quae
1004 951 1190 1025 nunquam
1227 929 1362 1004 ibidem

300 1040 431 1131 suerat,
460 1042 676 1135 erigeremus
705 1065 820 1128 aram,
846 1041 910 1114 ubi
942 1044 1082 1115 Summi
1117 1044 1307 1119 Pontifices
1329 1063 1365 1120 et

302 1181 467 1254 personae
479 1158 665 1229 autenticae
683 1156 852 1253 suffragio
864 1182 1007 1249 eorum,
1024 1160 1088 1257 qui
1110 1161 1246 1259 seipsos
1259 1162 1364 1235 boio-

301 1287 468 1345 mustum
486 1271 706 1345 odoriferum
718 1278 794 1345 Deo
811 1272 1034 1366 obtulerunt,
1043 1275 1233 1375 placabiles
1245 1294 1279 1351 et
1289 1284 1365 1353 Deo

299 1387 537 1487 acceptabiles
553 1386 687 1461 hostias
701 1388 828 1461 offerre
845 1404 1062 1463 mereantur.
1083 1392 1148 1463 Cui
1165 1392 1272 1465 etiam
1282 1419 1366 1467 cum

300 1503 461 1577 tabulam
474 1528 634 1595 auream,
654 1503 875 1577 mediocrem
894 1520 1014 1578 umen
1039 1506 1199 1581 desectus
1218 1510 1364 1607 pusilla·

298 1619 463 1693 nimitate
475 1644 684 1720 praeponere
704 1621 984 1720 proposuissem,
1011 1637 1143 1695 tautam
1166 1626 1257 1712 auri,
1284 1639 1363 1697 tan·

300 1752 373 1809 tam
402 1760 628 1831 gemmarum
644 1736 984 1835 pretiosissimarum
1009 1739 1228 1838 inopinatam
1248 1756 1282 1814 et
1305 1743 1362 1813 vix

298 1850 384 1951 ipsis
408 1852 553 1946 regibus
578 1852 788 1924 existentem
804 1853 947 1952 copiam
969 1854 1036 1953 ipsi
1059 1858 1170 1928 sancti
1191 1860 1364 1953 Martyres

297 1965 406 2038 nobis
420 1968 723 2065 propinaverunt,
741 1970 823 2042 acsi
839 1969 946 2043 nobis
964 1994 1027 2042 ore
1046 1970 1093 2043 ad
1115 1996 1156 2043 os
1174 1972 1364 2071 loqueren-

301 2097 373 2156 tur:
385 2112 404 2151 α
414 2084 1109 2185 Velisnolis‚optimameamvolumus3n
1125 2104 1166 2161 ut
1175 2114 1253 2161 eam
1262 2085 1365 2163 aliter

300 2223 412 2296 quam
433 2200 637 2275 mirabilem
655 2217 691 2274 et
711 2201 814 2276 valde
828 2204 1021 2301 pretiosam
1037 2218 1112 2275 tam
1129 2229 1238 2304 opere
1253 2232 1363 2305 quam

300 2317 454 2388 materia
478 2316 619 2389 efficere
641 2332 795 2392 autnon
817 2318 1032 2392 auderemus
1052 2335 1114 2392 aut
1136 2345 1211 2392 non
1231 2321 1363 2393 valere·

298 2456 382 2501 mus
390 2435 412 2503 ¹.
434 2436 557 2531 Neque
575 2433 672 2505 enim
686 2434 752 2531 ipsi
766 2434 966 2531 pontifices,
987 2434 1120 2532 quibis
1141 2436 1279 2531 egregie
1295 2462 1363 2535 pro

298 2545 410 2619 officii
430 2548 485 2619 sui
502 2548 672 2643 dignitate
692 2548 894 2647 potiuntur,
915 2549 1072 2622 annulos
1091 2550 1200 2622 etiam
1220 2553 1365 2649 pontifi-

298 2662 393 2737 cales
411 2661 568 2759 mirabili
582 2664 824 2761 pretiosorum
836 2664 998 2764 lapidum
1014 2665 1184 2737 varietate
1208 2690 1365 2761 gemma·

299 2794 355 2851 tos
383 2779 504 2851 eidem
535 2780 722 2876 imponere
751 2779 880 2853 tabuiae
905 2795 1096 2880 presentes
1123 2780 1361 2876 abnegabant,
1441 2869 1448 2883 Ι

300 2918 428 2967 verum
441 2894 636 2967 absentesa
651 2898 895 2969 transmarinis
911 2898 1021 2969 etiam
1034 2894 1211 2993 partibus,
1223 2913 1365 2970 sancto·
1445 2894 1449 2904 '

298 3034 381 3081 rum
392 3013 592 3109 Martyrum
607 3034 729 3083 amore
746 3012 896 3104 invitati,
920 3014 1018 3085 ultro
1034 3011 1256 3109 delegabant.
1287 3018 1365 3110 ipse

300 3126 407 3198 etiam
437 3150 499 3199 rex
530 3125 683 3223 inclytus
707 3127 908 3225 perlucidas
943 3144 978 3201 et
1005 3128 1155 3200 maculis
1180 3127 1365 3202 distinctas

300 3242 556 3337 smaragdines,
584 3265 705 3315 comes
729 3242 956 3316 Theobaldus
979 3244 1181 3341 jacintbos,
1200 3244 1362 3336 rubetos,

301 3358 492 3455 optimates
515 3373 550 3429 et
578 3358 757 3457 principes
782 3358 1010 3431 diversorum
1033 3358 1197 3431 colorum
1221 3375 1258 3432 et
1276 3359 1364 3432 vali·
1458 3434 1463 3442 ,

302 3470 473 3545 tudinum
497 3474 673 3571 pretiosas
694 3474 903 3570 margaritas
933 3475 1027 3548 ultro
1059 3474 1264 3564 offerentes,
1298 3500 1366 3545 nos

302 3588 396 3685 ipsos
412 3586 461 3659 ad
478 3589 721 3686 peragendum
740 3588 891 3686 gloriose
900 3589 1113 3662 invitabant.
1129 3593 1300 3661 Praeterea
1313 3605 1365 3661 tot

303 3703 445 3775 venales
471 3701 517 3775 ab
550 3702 721 3776 omnibus
750 3728 843 3803 pene
872 3719 1048 3777 terrarum
1074 3704 1238 3802 partibus
1260 3704 1366 3778 nobis

303 3818 559 3911 afferebantur,
592 3834 628 3892 et
659 3820 755 3892 unde
782 3842 841 3891 eas
863 3845 1064 3894 emeremus
1095 3826 1172 3895 Deo
1208 3821 1367 3895 donante

304 3932 570 4026 offerebantur,
600 3950 640 4007 ut
662 3960 720 4007 eas
740 3937 817 4008 siue
834 3936 973 4034 pudore
1000 3962 1132 4033 magno
1159 3951 1195 4008 et
1217 3942 1367 4010 Sancto·

304 4073 386 4121 rum
405 4050 542 4123 offensa
559 4049 740 4123 dimittere
756 4053 998 4148 nequiremus.
1017 4053 1129 4123 Hicet
1149 4052 1222 4123 alib
1261 4078 1369 4149 expe·

307 4167 368 4239 riri
389 4168 572 4265 potuimus
595 4192 604 4237 :
629 4168 675 4239 sit
693 4166 834 4240 bonum
860 4193 953 4267 opus
971 4168 1006 4239 in
1023 4167 1220 4257 voluntate,
1242 4191 1283 4239 ex
1303 4170 1368 4240 Dei

311 4284 491 4380 adjutorio
505 4284 573 4355 erit
584 4284 622 4354 iu
635 4283 867 4382 perfectione.
891 4288 967 4355 Hoc
982 4285 1102 4381 itaque
1116 4298 1368 4355 ornamentum

350 4522 379 4575 t.
392 4517 437 4579 cf.
451 4516 557 4575 librum
569 4516 684 4596 sugerii
701 4522 745 4577 De
761 4518 820 4581 reb.
839 4525 929 4577 instra
942 4520 1088 4581 administ.
1105 4531 1192 4597 gesa,
1206 4537 1271 4598 cap.
1288 4538 1370 4578 xxxi.
