3742 5667
593 780 657 837 vta
677 779 729 835 DE
745 777 858 837 touls
877 776 924 835 ut
944 776 1053 838 unos,
1295 781 1354 839 tlt

296 909 499 983 versatione
524 910 719 1003 infamato,
743 924 822 982 tum
847 910 954 1007 legati
977 911 1033 983 sni
1061 910 1216 983 Matthaei
1250 911 1355 985 lllba-

294 1024 411 1098 nensis
429 1026 605 1126 episcopi,
623 1040 700 1099 tum
717 1025 859 1099 domini
872 1026 1114 1119 Carnutensis,
1134 1028 1353 1120 parisiensis,

293 1142 505 1238 suessionis,
521 1142 661 1216 domini
681 1143 790 1217 etiam
805 1141 1063 1242 archiepiscopi
1082 1144 1261 1215 Remensis
1276 1144 1356 1217 nai-

293 1255 405 1349 naldi,
421 1274 461 1332 et
477 1260 677 1333 multorum
696 1260 859 1333 virorum
887 1260 1095 1333 testimonio
1117 1259 1355 1357 cognovisset,

293 1391 468 1477 precepta
501 1401 629 1475 regum
663 1376 897 1475 antiquorum
924 1376 1056 1475 pipini,
1093 1376 1210 1451 Caroli
1222 1375 1355 1473 Magni,

293 1491 468 1566 Ludoviei
499 1494 553 1566 Pii
577 1506 615 1566 et
634 1492 788 1566 aliorum
807 1491 854 1565 de
869 1492 951 1591 jure
973 1490 1045 1565 loci
1067 1493 1202 1592 praefati
1226 1516 1248 1567 a
1268 1516 1360 1565 nun-

292 1609 347 1683 tiis
372 1610 510 1683 nostris
539 1609 659 1683 oblata
688 1610 906 1709 perlegisset,
933 1610 1043 1683 curiae
1071 1609 1181 1682 totius
1213 1634 1359 1709 persua·

292 1727 406 1817 sione,
422 1742 503 1801 taur
514 1752 584 1827 pro
602 1741 726 1800 nostra
740 1727 877 1826 justitia
896 1750 1005 1825 quam
1018 1750 1086 1827 pro
1102 1748 1225 1799 earum
1239 1725 1361 1799 soetida

294 1852 525 1945 enormitate,
546 1852 657 1927 beato
679 1852 854 1952 Dionysio
876 1865 913 1924 et
938 1851 1091 1926 restituit
1110 1866 1146 1925 et
1165 1850 1363 1925 coufirma-

293 1968 369 2041 rit¹.

339 2087 386 2157 Ut
402 2100 527 2158 autem
544 2084 591 2158 ad
613 2084 839 2186 propositum
861 2084 1065 2159 recolenda
1088 2085 1181 2183 regis
1202 2084 1362 2159 historiae

295 2216 534 2292 revertamur,
553 2218 638 2275 ante
655 2201 795 2275 domini
815 2227 916 2302 papae
937 2202 1064 2276 catini
1079 2202 1281 2297 decessum,
1300 2206 1365 2278 im·

294 2320 642 2419 peratorllenricus,
661 2318 813 2393 collecto
825 2318 935 2419 longo
951 2320 1058 2393 animi
1074 2344 1225 2394 rancore
1239 2336 1363 2395 contra

296 2436 488 2509 dominum
511 2462 633 2534 regem
656 2435 895 2527 Ludovicum,
913 2462 960 2510 eo
975 2436 1076 2536 quod
1093 2436 1131 2509 in
1154 2462 1265 2536 regno
1288 2438 1365 2536 ejus

297 2554 416 2626 Remis
439 2555 478 2626 in
499 2552 656 2627 concilio
679 2551 819 2625 domini
849 2551 976 2625 Calixti
1002 2554 1227 2628 anathemate
1258 2555 1365 2628 inno·

297 2671 403 2745 datus
430 2670 564 2764 iuerat,
590 2670 786 2743 exercitum
808 2685 1142 2770 quantumcumque
1159 2685 1278 2773 potest
1293 2676 1365 2744 Lo-

297 2790 564 2887 tharingorum,
578 2789 873 2881 Alamannorum,
888 2790 1146 2888 Bajoariorum‚
1166 2792 1366 2863 suevorum

298 2921 329 2979 et
347 2910 549 2999 Saxonum,
580 2906 664 2979 lieet
686 2907 738 3003 eis
759 2906 1001 2995 infestaretur,
1029 2906 1201 3003 colligit';
1221 2907 1365 3005 alioque

299 3024 447 3097 tendere
462 3023 649 3114 simulans,
666 3023 818 3097 consilio
830 3025 922 3121 regis
935 3023 1072 3121 Anglici
1088 3023 1247 3114 Henrici,
1263 3022 1365 3120 cujus

299 3139 407 3215 liliam
421 3142 586 3237 regnam
603 3140 768 3233 duxerat,
793 3141 858 3239 qui
873 3142 985 3213 etiam
1001 3140 1075 3236 regi
1091 3164 1255 3239 guerram
1271 3138 1365 3210 inse·

299 3256 412 3352 rebat,
428 3258 549 3331 Remis
564 3258 743 3332 civitatem
763 3258 949 3357 inopinate
967 3256 1111 3357 aggredi
1127 3255 1365 3345 machinatur,

298 3392 509 3469 proponens
526 3384 590 3443 aut
611 3394 691 3443 eam
708 3368 832 3443 subito
848 3368 1047 3464 destruere,
1066 3384 1128 3442 aut
1140 3384 1238 3442 tanta
1253 3367 1367 3441 deho-

299 3488 502 3561 nestatione
523 3502 560 3560 et
576 3487 808 3586 oppressione
827 3487 1009 3561 civitatem
1031 3485 1211 3578 obsidere,
1233 3498 1367 3585 quanta

300 3600 471 3676 dominus
492 3628 588 3704 papa
603 3603 740 3677 ibidem
755 3607 768 3645 ³
782 3604 822 3677 in
834 3628 919 3676 eum
936 3628 1044 3703 agens
1069 3602 1161 3677 sedit
1191 3602 1360 3675 sessione.

300 3718 405 3806 Quod
414 3744 503 3793 cum
518 3719 670 3793 domino
684 3720 758 3817 regi
772 3718 957 3794 Ludovico
973 3720 1181 3793 intimorum
1197 3716 1368 3790 relatione

299 3834 527 3929 innotuisset,
558 3851 633 3910 tam
667 3852 814 3910 strenue
853 3860 964 3935 quam
994 3835 1164 3909 audacter
1190 3832 1367 3906 delectum

300 3975 410 4048 quem
425 3978 503 4025 non
519 3967 682 4052 expectat
695 3954 803 4052 cogit,
819 3953 960 4026 nobiles
977 3952 1129 4045 asciscit,
1147 3974 1290 4023 causam
1312 3972 1369 4019 ex-

301 4068 415 4164 ponit.
442 4072 490 4141 Et
508 4069 681 4167 quoniam
699 4068 848 4143 beatum
865 4069 1080 4167 Dionysium
1099 4066 1288 4167 specialem
1304 4088 1369 4165 pa·

302 4196 449 4258 tronum
466 4202 503 4260 et
526 4185 743 4285 singularem
760 4203 843 4287 post
856 4190 976 4261 Deum
994 4186 1096 4287 regni
1113 4197 1367 4285 protectorem,

343 4434 373 4493 1.
387 4436 425 4494 V.
436 4434 530 4508 iniri,
541 4434 574 4494 in
585 4433 823 4496 Observa-2.
847 4438 966 4514 Collegit
983 4436 1092 4495 11710.

342 4530 373 4586 3.
387 4526 504 4587 Ibidem
519 4530 617 4589 {2710
635 4540 665 4588 et
680 4526 750 4589 edit.
764 4528 914 4591 Benediet.
930 4533 1019 4590 Deest
1032 4526 1063 4588 in
1076 4524 1141 4587 aliis
1152 4524 1239 4591 codd.
1255 4544 1289 4586 ae
1302 4524 1369 4586 edd.
