3742 5667
516 686 576 743 aus
734 685 900 747 muvuss
920 667 1133 746 courrieres
1152 688 1204 745 os
1222 686 1357 747 suom.

678 1066 726 1113 xl.
755 1066 801 1113 ΔΙ)
819 1064 1027 1113 Luoovlcun
1047 1063 1258 1114 PRANGORUH
1273 1064 1404 1114 must.

513 1332 604 1411 Super
621 1340 734 1407 conjure
744 1336 772 1389 le
787 1337 841 1407 roe',
857 1336 931 1391 daus
945 1337 986 1391 les
998 1348 1099 1392 termes
1109 1339 1154 1392 les
1166 1341 1234 1412 plus
1239 1347 1397 1412 pressante,
1409 1336 1448 1391 de
1459 1341 1570 1411 quieter

550 1426 676 1487 I’Orient
692 1448 768 1503 pour
792 1434 902 1485 revenir
923 1430 996 1485 daus
1017 1448 1066 1485 son
1088 1449 1235 1507 royauune,
1255 1428 1289 1485 od
1312 1450 1346 1487 so
1367 1432 1506 1506 presence
1529 1446 1571 1490 est

551 1522 721 1579 necessaire.
737 1524 769 1580 11
776 1526 817 1577 lui
829 1541 954 1582 onnonce
966 1520 1039 1599 qu’il
1047 1542 1067 1577 α
1073 1526 1154 1598 pare
1159 1543 1235 1598 pour
1246 1526 1287 1579 lui
1299 1528 1439 1581 certatores
1449 1544 1569 1581 sommes

551 1614 690 1693 (largent,
712 1628 742 1671 et
761 1619 892 1695 l’engage
914 1616 1071 1692 &differet
1088 1619 1130 1673 les
1148 1618 1231 1693 effers
1252 1619 1289 1673 de
1305 1636 1354 1674 son
1373 1624 1569 1677 resecationem

551 1714 787 1769 concederesne.

985 1865 1089 1949 (atto)

556 2083 734 2173 Glorioso,
754 2082 816 2156 Dei
829 2082 954 2180 gratia,
971 2082 1045 2179 regi
1062 2086 1279 2154 Francorum
1294 2095 1331 2153 et
1352 2080 1436 2153 duci
1457 2084 1567 2181 Aqui-

509 2201 612 2272 taniae
632 2197 828 2291 liudovico,
850 2197 1032 2270 carissimo
1056 2196 1204 2270 domino
1226 2210 1372 2290 nostro,
1399 2198 1567 2295 sugerius
1680 2208 1688 2223 ‘

506 2317 605 2388 Beati
619 2314 778 2412 Dionysii
790 2312 914 2405 abbas,
924 2337 1007 2385 cum
1018 2326 1094 2385 toto
1104 2312 1254 2385 fratrum
1270 2311 1335 2384 sibi
1347 2338 1452 2411 grege
1466 2339 1568 2387 com·

505 2430 627 2521 misso,
661 2430 865 2504 orationum
895 2427 1127 2501 devotionem
1159 2443 1195 2500 et
1226 2428 1404 2525 integram
1431 2430 1564 2503 servitii

505 2544 724 2619 fidelitatem.

553 2660 704 2749 Quantis
725 2672 761 2731 et
780 2681 889 2756 quam
914 2654 1120 2755 lacrymosis
1137 2655 1298 2756 suspiriis
1317 2657 1563 2755 granssimam

502 2800 663 2875 personae
676 2790 800 2849 vestrae
810 2772 917 2846 nobis
927 2772 1126 2847 absentiam
1134 2798 1407 2874 prosequamur,
1420 2776 1564 2875 quantis

502 2908 540 2967 et
555 2918 665 2993 quam
681 2892 820 2965 devotis
836 2893 1043 2965 orationum
1061 2890 1364 2991 postulationibus
1383 2896 1563 2993 prosperi·

500 3023 611 3081 tatem
627 3023 785 3081 vestram
801 3021 837 3079 et
851 3007 1016 3099 salutem,
1033 3008 1212 3079 carissime
1227 3007 1386 3100 domine,
1404 3010 1562 3083 Domino

501 3128 579 3196 Deo
603 3121 911 3215 commendemus,
933 3121 1109 3222 explicare
1127 3121 1228 3195 nullo
1248 3122 1360 3196 modo
1380 3124 1556 3197 valemus.

501 3242 589 3329 Quae
607 3239 741 3312 etenim
753 3239 845 3312 adeo
861 3238 952 3311 dura
968 3264 1082 3330 mens,
1104 3238 1205 3336 quod
1221 3252 1293 3311 tam
1307 3239 1466 3314 ferreum
1480 3266 1562 3339 pec·

482 3344 572 3448 tus,
586 3355 686 3455 quod
699 3370 771 3429 tam
789 3355 895 3451 longa
906 3373 942 3428 et
951 3354 1167 3428 intolerabili
1180 3356 1268 3427 tanti
1278 3370 1313 3427 et
1326 3371 1399 3428 tam
1409 3356 1560 3455 piissimi

500 3472 731 3545 domininon
748 3488 937 3545 moveatur
956 3471 1139 3545 absentia?
1156 3497 1247 3571 quae,
1266 3498 1351 3545 cum
1373 3474 1412 3545 in
1435 3474 1560 3548 dolore

499 3590 667 3689 coeperit,
681 3590 718 3661 in
732 3589 861 3661 timore
873 3588 1058 3688 perdurat,
1073 3588 1235 3661 desectus
1256 3588 1406 3661 horrore
1433 3605 1556 3662 terret.

499 3710 590 3779 Nam
606 3706 747 3803 quoties
767 3706 870 3800 regiae
892 3704 1086 3802 majestatis
1103 3704 1298 3800 ingenitam
1317 3702 1557 3797 nobilitatem,

498 3822 739 3895 venerabilem
762 3844 908 3894 morum
934 3818 1161 3911 industriam,
1190 3820 1456 3893 animositatem
1473 3846 1559 3893 cum

497 3938 544 4011 ad
570 3962 696 4011 omnes
720 3954 796 4012 tum
817 3936 865 4011 ad
885 3961 952 4010 nos
968 3936 1145 4036 praecipue
1165 3936 1359 4035 piissimam
1377 3960 1557 4010 memora·

496 4080 592 4148 mus,
603 4069 754 4128 autante
766 4080 830 4127 vos
846 4069 909 4126 aut
922 4053 1110 4127 vobiscum
1125 4051 1281 4126 deficere
1296 4052 1555 4129 desideramus.

496 4172 531 4243 Si
545 4172 642 4243 enim
659 4195 932 4271 superessemus,
949 4167 996 4241 de
1011 4184 1148 4267 quanto
1164 4170 1201 4241 in
1215 4184 1390 4266 quantum
1405 4186 1558 4244 mutare·

495 4313 579 4359 mur
606 4288 702 4360 nulla
724 4286 790 4359 alia
817 4300 873 4359 est
893 4287 1126 4383 comparatio,
1153 4308 1262 4383 quam
1285 4284 1315 4355 si
1336 4285 1382 4358 de
1405 4285 1498 4361 coelo
1520 4288 1555 4359 in

494 4403 663 4501 abyssum
683 4426 940 4476 corrueremus.
966 4401 1101 4474 Redeat
1120 4401 1227 4497 igitur
1247 4400 1295 4475 ad
1313 4426 1377 4475 cor
1392 4401 1557 4499 ingenitae
