3742 5667
476 843 515 901 u
685 835 845 898 <novans
865 805 1088 898 COMraares
1108 841 1159 898 nr.
1179 839 1313 899 suoru.

478 988 515 1046 et
530 973 690 1046 militaris
709 970 901 1070 disciplinae
922 959 1096 1044 industria
1120 973 1313 1046 exercitato
1337 972 1428 1066 viro,
1446 998 1535 1072 qua·

480 1090 573 1162 tinus
595 1089 653 1162 die
674 1102 770 1162 certa
790 1083 1024 1188 (deficiebant
1053 1088 1150 1160 enim
1172 1087 1324 1162 obsessis
1349 1087 1531 1186 victualia)

476 1205 638 1305 presidia
654 1205 774 1298 ferret,
790 1219 950 1278 castrum
967 1203 1195 1278 exobsessum
1211 1229 1321 1278 mauu
1345 1204 1429 1277 forti
1444 1203 1533 1277 deli·

475 1321 627 1412 beraret,
647 1320 721 1420 ipse
740 1320 883 1392 interim
899 1319 1045 1418 rapinis,
1060 1319 1240 1412 incendio,
1256 1319 1533 1394 utobsidionem

476 1451 687 1528 removerer,
717 1435 918 1512 insudabat.
944 1436 1131 1533 Designata
1155 1437 1262 1532 igitur
1280 1435 1339 1508 die
1355 1460 1427 1533 qua
1444 1460 1532 1535 pre-

477 1553 594 1627 dictus
608 1577 729 1626 comes
740 1551 967 1626 Theobaldus
983 1566 1020 1624 et
1030 1551 1192 1650 praesidia
1209 1552 1317 1623 ferret
1326 1566 1362 1624 et
1375 1550 1534 1624 obsidio-

476 1693 560 1741 nem
582 1693 693 1741 manu
718 1668 861 1740 militari
879 1683 1094 1757 removeret,
1122 1665 1292 1740 dominus
1314 1666 1530 1763 designatus,

476 1809 550 1857 non
566 1787 705 1859 eminus
718 1785 781 1858 sed
795 1785 971 1874 cominus,
993 1809 1103 1881 quem
1122 1784 1242 1882 potuit
1263 1782 1405 1879 collegit
1429 1807 1533 1856 exer·

475 1902 608 1974 citum:
640 1917 676 1974 et
693 1901 796 1998 regiae
816 1924 957 1973 mernor
978 1900 1206 1985 excellentiae,
1228 1915 1353 1972 mactae
1376 1899 1529 1988 virtutis,

476 2016 608 2091 relictis
629 2018 792 2090 tentoriis
815 2031 997 2104 eteorum
1020 2014 1281 2101 defensoribus,
1309 2014 1533 2088 taeubundus

475 2134 653 2224 occurrit;
680 2149 719 2206 et
747 2135 930 2232 praemisso
959 2133 1021 2230 qui
1051 2157 1112 2205 eos
1131 2132 1253 2205 venire
1271 2147 1334 2204 aut
1357 2155 1418 2204 eos
1439 2131 1532 2204 velle

475 2249 645 2321 dimicare
655 2250 853 2341 renunciet,
864 2250 939 2347 ipse
955 2247 1109 2320 barones
1118 2247 1270 2338 asciscit,
1287 2247 1380 2319 acies
1388 2246 1533 2319 ordinat

474 2365 664 2438 militarem
687 2381 724 2438 et
741 2365 956 2465 pedestrem,
983 2363 1182 2460 sagittarios
1202 2377 1239 2435 et
1256 2362 1449 2434 lancearios
1464 2387 1531 2435 suo

473 2479 555 2554 loco
573 2496 781 2578 sequestrat.
796 2483 839 2555 Ut
855 2505 988 2577 ergose
998 2479 1262 2577 conspicantur,
1281 2476 1425 2550 classica
1439 2478 1533 2549 into

473 2611 572 2684 nant,
590 2597 754 2695 equitum
769 2612 805 2669 ct
817 2621 994 2696 equorum
1008 2595 1213 2668 animositas
1230 2593 1410 2683 incitatur,
1434 2594 1531 2666 citis·

472 2711 561 2783 sime
591 2716 840 2787 committitur.
875 2719 1010 2786 Verum
1040 2711 1183 2801 Franci,
1215 2724 1328 2782 marte
1357 2709 1531 2782 continuo

472 2829 662 2921 exercitati,
674 2831 834 2905 Brienses
842 2830 946 2926 longa
955 2853 1042 2929 pace
1052 2829 1188 2901 solutos
1199 2827 1363 2923 aggressi,
1374 2823 1528 2918 cedunt,

471 2941 602 3016 lanceis
625 2959 661 3017 et
682 2946 805 3042 gladiis
822 2946 1054 3045 precipiunt,
1076 2944 1235 3018 victoriae
1253 2944 1438 3033 insistunt;
1463 2967 1531 3015 nec

472 3082 534 3130 eos
560 3060 769 3158 impugnare
798 3061 942 3135 viriliter
966 3076 1042 3134 tam
1065 3059 1210 3132 militari
1235 3083 1345 3156 quam
1371 3056 1529 3156 pedestri

471 3197 582 3246 manu
599 3175 786 3269 desistunt,
809 3178 926 3251 donec
958 3192 1056 3272 terga
1081 3190 1256 3248 vertentes
1287 3173 1378 3271 fugae
1404 3173 1531 3271 praesi-

472 3287 574 3362 dium
597 3294 854 3391 arripuerunt¹.
876 3299 955 3392 lpse
983 3317 1068 3365 vero
1093 3317 1213 3365 comes
1232 3290 1366 3362 malens
1390 3291 1531 3388 primus

472 3430 581 3503 quam
599 3423 778 3482 extremus
792 3412 828 3482 in
843 3410 937 3506 suga,
952 3433 998 3481 ne
1011 3423 1213 3507 caperetur,
1225 3406 1386 3506 reperiri,
1403 3404 1530 3478 relicto

472 3523 641 3616 exercitu,
659 3525 851 3623 repatriare
870 3524 1069 3596 contendit.
1087 3528 1167 3612 Qua
1187 3522 1437 3618 congressione
1452 3546 1530 3619 qur·

472 3638 556 3711 dam
570 3639 761 3730 interfecti,
774 3641 878 3714 multi
894 3641 1083 3731 vulnerati,
1101 3640 1239 3739 plures¹
1253 3638 1347 3737 capti
1355 3638 1529 3711 famosam

471 3754 605 3854 ubique
616 3772 792 3830 terrarum
808 3757 1076 3830 celeberrimam
1092 3757 1208 3829 fecere
1219 3755 1419 3828 victoriam.
1437 3754 1531 3826 Poti-

472 3886 529 3944 tus
545 3874 665 3971 itaque
680 3888 778 3946 tanta
794 3888 914 3947 ettam
927 3890 1132 3974 opportuna
1147 3870 1529 3945 dominusLudovicus

470 3988 632 4081 victoria,
649 3991 801 4063 tentoria
817 3991 957 4090 repetit,
974 3990 1175 4089 oppidanos
1188 4013 1278 4060 vana
1300 4011 1362 4085 spe
1379 3986 1529 4059 frustra·

472 4117 528 4176 tos
541 4104 648 4201 ejicit,
660 4104 844 4178 castellum
853 4106 922 4179 sibi
936 4106 1094 4178 retinens
1107 4102 1413 4178 Garlandensihus
1424 4125 1526 4173 com·

417 4257 420 4264 ·
471 4219 592 4291 mrttit.

510 4482 540 4538 l.
553 4479 736 4556 Arripuerim
748 4479 857 4538 tritt.

509 4573 539 4631 2.
556 4569 603 4630 Sic
616 4572 702 4634 codd.
717 4591 827 4633 ornnes.
843 4605 884 4618 -
895 4572 1019 4631 Plurimi
1031 4571 1097 4634 edd.
