3742 5667
593 803 656 860 vm
676 803 727 859 DE
746 800 858 861 touls
878 801 926 859 tu
947 798 1057 861 GROS.
1147 877 1156 899 ι
1300 802 1354 860 121

305 933 551 1009 muneravit.
575 938 775 1033 Imperator
788 933 895 1029 ergo‘
915 931 1155 1025 theutonicus,
1185 956 1229 1006 eo
1255 935 1360 1009 viles·

305 1048 503 1142 censiacto,
521 1065 559 1123 et
585 1050 715 1125 dedic
743 1050 781 1123 in
811 1049 909 1122 diem
929 1048 1126 1142 declinans,
1157 1048 1251 1124 inira
1274 1055 1360 1126 anni

304 1164 472 1237 circum
495 1181 695 1239 extremum
722 1190 830 1264 agens
850 1164 960 1256 diem,
994 1165 1227 1263 antiquorum
1244 1166 1361 1241 verifi-

304 1283 390 1354 cavit
419 1283 651 1375 sententiam,
681 1282 861 1355 neminem
887 1280 1050 1354 nobilem
1073 1295 1135 1354 aut
1164 1282 1360 1379 ignobilem

193 1379 194 1396 ¹
303 1396 394 1493 regni
406 1412 471 1471 aut
487 1397 644 1471 ecclesiae
655 1398 891 1487 turbatorem,
905 1398 1008 1495 cujus
1021 1420 1127 1471 causa
1137 1412 1199 1471 aut
1218 1410 1362 1473 contro·

302 1513 411 1586 versia
438 1517 655 1588 Sanctorum
684 1539 839 1615 corpora
867 1512 1114 1605 subleventur,
1139 1518 1259 1587 anno¹
1281 1515 1361 1591 lore

302 1627 536 1727 superstitem,
558 1628 622 1701 sed
649 1629 698 1701 ita
713 1626 771 1701 vel
801 1629 919 1701 intra⁸
935 1627 1111 1725 deperire.
1138 1630 1209 1701 Rex
1237 1643 1360 1703 autem

304 1742 441 1841 Angliae,
460 1746 626 1817 conscius
643 1743 841 1819 theutonici
868 1742 957 1834 doli,
977 1745 1062 1841 quia
1088 1745 1160 1841 regi
1179 1742 1361 1819 Ludovico

303 1885 379 1933 cum
393 1861 530 1933 comite
544 1858 753 1933 Tbeobaldo
782 1884 948 1958 guerram
964 1859 1119 1932 inserens
1135 1862 1362 1961 conspirave-

303 1991 353 2049 rat
365 1980 377 2014 ⁸
390 1976 592 2049 marchiam
605 1976 890 2067 collimitantem,
909 1976 1001 2072 regis
1016 1974 1189 2070 absentia,
1212 1979 1362 2052 omnino

303 2108 359 2165 aut
373 2091 586 2193 depopulari
601 2106 664 2166 aut
680 2116 871 2191 occupare,
896 2089 975 2165 solo
994 2116 1068 2165 uno
1100 2092 1251 2185 barone,
1272 2094 1364 2166 scili·

303 2226 355 2281 oet
366 2208 546 2281 Amalrioo
560 2207 606 2282 de
619 2212 738 2282 Monte
750 2208 860 2299 Forti,
870 2207 949 2281 viro
958 2222 1072 2280 marte
1080 2207 1155 2305 jug
1168 2209 1359 2301 acerrimo,

303 2340 336 2399 et
354 2326 565 2399 strenuitate
595 2325 863 2398 vilcassinensis
887 2325 1064 2397 exercitus
1090 2324 1271 2423 repulsus,
1300 2341 1363 2399 aut

303 2465 425 2539 parum
443 2456 506 2514 aut
522 2439 612 2513 nihil
629 2441 835 2540 proficiens,
848 2465 942 2513 vana
958 2464 1020 2539 spe
1034 2440 1225 2513 frustratus
1244 2456 1361 2514 retro·

302 2556 412 2629 cessit.
430 2560 514 2645 Quo
529 2556 625 2629 iacto
641 2572 850 2629 nostrorum
869 2555 1122 2649 modernitate,
1141 2580 1208 2629 nec
1231 2556 1364 2630 multo·

303 2698 379 2747 rum
390 2688 598 2771 temporum
614 2674 839 2771 antiquitate,
857 2672 1087 2747 nibilclarius
1103 2673 1250 2745 Francia
1263 2673 1360 2767 lecit,

303 2803 360 2863 tut
370 2790 540 2889 potentiae
547 2814 619 2861 suae
626 2788 787 2885 gloriam,
802 2788 941 2863 viribus
953 2789 1202 2864 membrorum
1213 2813 1363 2863 suorum

303 2905 462 2978 adunatis
479 2908 490 2944 ⁸
501 2962 514 2998 ‚
548 2902 738 3001 gloriosius
771 2904 995 3004 propalavit,
1030 2930 1141 3005 quam
1171 2931 1256 2978 cum
1287 2931 1363 2978 uno

303 3019 498 3120 eodemque
530 3020 688 3093 termino
714 3017 760 3092 de
793 3021 1009 3119 imperatore
1034 3045 1190 3094 romano
1214 3036 1251 3093 et
1280 3046 1383 3119 rege·

303 3138 449 3236 anglico,
479 3137 564 3211 licet
582 3137 725 3227 absens,
746 3136 995 3237 triumphavit.
1022 3142 1073 3211 Ex
1099 3160 1174 3237 quo
1198 3136 1359 3235 quidem,

302 3254 471 3328 suffocata
484 3253 646 3327 hostium
664 3251 846 3353 superbia,
870 3252 971 3325 siluit
996 3270 1097 3326 terra
1122 3255 1160 3325 t'n
1176 3270 1362 3353 conspectu

302 3371 408 3471 ejns⁸,
436 3385 473 3444 et
489 3394 581 3470 pene
601 3369 649 3443 ad
674 3394 765 3468 quos
780 3370 982 3470 pertingere
995 3382 1149 3469 poterat,
1167 3369 1304 3442 inimici
1324 3370 1361 3443 in

302 3488 448 3585 gratiam
461 3485 558 3559 ultro
584 3484 789 3577 redeuntes,
813 3485 977 3557 amicitia
1001 3483 1147 3558 dextras
1172 3483 1360 3559 dederunt.

303 3605 359 3679 Sic
372 3630 472 3679 mma
489 3604 626 3678 tenenti
644 3604 766 3677 omnia
782 3602 857 3687 dat,
876 3603 940 3699 qui
952 3608 1050 3703 justa
1064 3617 1182 3699 negat.

347 3720 687 3796 tommosam
695 3718 916 3819 tempestatis
929 3718 1112 3817 temperie,
1125 3716 1363 3796 alvernorum

305 3994 350 4041 tm
357 3982 569 4059 possidendam,
579 3977 662 4039 addit
669 3976 823 4058 glossator.
843 3979 888 4037 De
899 3973 946 4034 bis
956 3972 1023 4033 vide
1036 3972 1125 4047 inira,
1139 3971 1216 4033 inter
1228 3970 1362 4033 testimo·

305 4074 352 4135 nia
363 4074 400 4137 ed
412 4074 565 4155 Sngerium
574 4070 733 4155 spectantia
745 4082 775 4131 et
790 4069 822 4129 in
836 4065 1104 4129 Observationibus.

344 4173 374 4229 l.
387 4170 459 4227 Vera
470 4170 562 4229 5925.

344 4266 374 4321 2.
385 4263 428 4321 Sic
441 4262 510 4323 edd.
525 4260 632 4322 chesn.
647 4279 679 4318 ac
690 4256 841 4319 Benedict.
855 4289 896 4303 -
907 4260 987 4315 Annr'
999 4254 1125 4317 codun
1142 4255 1188 4316 ed.
1207 4256 1307 4316 Germ.

345 4356 373 4415 ³.
387 4357 469 4432 Infra
481 4356 573 4415 8285.
585 4386 627 4401 -
645 4356 675 4415 4.
691 4354 847 4429 Consermr
855 4357 1042 4429 inspiraverat
1054 4350 1163 4411 12710.

346 4453 375 4512 5.
387 4452 543 4524 Adjuvans,
557 4447 644 4522 male,
659 4445 727 4507 edd.
743 4447 843 4507 Germ.
859 4464 894 4505 ac
905 4443 1011 4509 ehesn.

349 4540 690 4618 tt.1.ib.tttacchab.‚1‚
706 4544 737 4605 3.
