<?xml version="1.0" encoding="UTF-8"?>
<!DOCTYPE html PUBLIC "-//W3C//DTD XHTML 1.0 Transitional//EN"
    "http://www.w3.org/TR/xhtml1/DTD/xhtml1-transitional.dtd">
<html xmlns="http://www.w3.org/1999/xhtml" xml:lang="en" lang="en">
 <head>
  <title>
</title>
<meta http-equiv="Content-Type" content="text/html;charset=utf-8" />
  <meta name='ocr-system' content='tesseract 3.04.00' />
  <meta name='ocr-capabilities' content='ocr_page ocr_carea ocr_par ocr_line ocrx_word'/>
</head>
<body>
  <div class='ocr_page' id='page_1' title='image "./oeuvrescompltes00sugegoog_0069.png"; bbox 0 0 3742 5667; ppageno 0'>
   <div class='ocr_carea' id='block_1_1' title="bbox 588 767 1346 830">
    <p class='ocr_par' dir='ltr' id='par_1_1' title="bbox 588 767 1346 830">
     <span class='ocr_line' id='line_1_1' title="bbox 588 767 1346 830; baseline 0.005 -6"><span class='ocrx_word' id='word_1_1' title='bbox 588 769 650 825; x_wconf 78' lang='lat' dir='ltr'><strong>vlu</strong></span> <span class='ocrx_word' id='word_1_2' title='bbox 670 768 720 824; x_wconf 75' lang='lat' dir='ltr'><strong>llll</strong></span> <span class='ocrx_word' id='word_1_3' title='bbox 740 767 849 827; x_wconf 77' lang='lat' dir='ltr'><strong>Lotus</strong></span> <span class='ocrx_word' id='word_1_4' title='bbox 870 769 916 827; x_wconf 81' lang='lat' dir='ltr'><strong>Lli</strong></span> <span class='ocrx_word' id='word_1_5' title='bbox 937 767 1047 830; x_wconf 82' lang='lat' dir='ltr'>GROS.</span> <span class='ocrx_word' id='word_1_6' title='bbox 1307 771 1346 830; x_wconf 81' lang='lat'><strong>33</strong></span> 
     </span>
    </p>
   </div>
   <div class='ocr_carea' id='block_1_2' title="bbox 285 895 1384 2735">
    <p class='ocr_par' dir='ltr' id='par_1_2' title="bbox 285 895 1384 2735">
     <span class='ocr_line' id='line_1_2' title="bbox 286 895 1348 998; baseline 0.001 -26"><span class='ocrx_word' id='word_1_7' title='bbox 286 895 400 988; x_wconf 80' lang='lat' dir='ltr'><strong>tabat,</strong></span> <span class='ocrx_word' id='word_1_8' title='bbox 417 897 481 972; x_wconf 86' lang='lat' dir='ltr'><strong>sed</strong></span> <span class='ocrx_word' id='word_1_9' title='bbox 494 921 561 972; x_wconf 89' lang='lat' dir='ltr'><strong>nec</strong></span> <span class='ocrx_word' id='word_1_10' title='bbox 575 900 750 997; x_wconf 81' lang='lat' dir='ltr'><strong>respicere</strong></span> <span class='ocrx_word' id='word_1_11' title='bbox 760 898 985 996; x_wconf 84' lang='lat' dir='ltr'>dignabatur.</span> <span class='ocrx_word' id='word_1_12' title='bbox 1003 903 1217 972; x_wconf 88' lang='lat' dir='ltr'><strong>Sanctorum</strong></span> <span class='ocrx_word' id='word_1_13' title='bbox 1227 900 1348 998; x_wconf 82' lang='lat' dir='ltr'><strong>pigno·</strong></span> 
     </span>
     <span class='ocr_line' id='line_1_3' title="bbox 286 1013 1345 1115; baseline 0.003 -29"><span class='ocrx_word' id='word_1_14' title='bbox 286 1013 389 1087; x_wconf 79' lang='lat' dir='ltr'><strong>ribus</strong></span> <span class='ocrx_word' id='word_1_15' title='bbox 409 1015 611 1088; x_wconf 79' lang='lat' dir='ltr'><strong>humillime</strong></span> <span class='ocrx_word' id='word_1_16' title='bbox 634 1030 849 1111; x_wconf 84' lang='lat' dir='ltr'><strong>prostratus,</strong></span> <span class='ocrx_word' id='word_1_17' title='bbox 877 1017 1076 1114; x_wconf 73' lang='lat' dir='ltr'><strong>lachrymas</strong></span> <span class='ocrx_word' id='word_1_18' title='bbox 1095 1019 1345 1115; x_wconf 93' lang='lat' dir='ltr'><strong>compunctio·</strong></span> 
     </span>
     <span class='ocr_line' id='line_1_4' title="bbox 285 1129 1347 1231; baseline 0.003 -29"><span class='ocrx_word' id='word_1_19' title='bbox 285 1130 341 1203; x_wconf 91' lang='lat' dir='ltr'><strong>nis</strong></span> <span class='ocrx_word' id='word_1_20' title='bbox 360 1129 553 1223; x_wconf 77' lang='lat' dir='ltr'><strong>offerebat,</strong></span> <span class='ocrx_word' id='word_1_21' title='bbox 570 1129 823 1205; x_wconf 90' lang='lat' dir='ltr'><strong>holocaustum</strong></span> <span class='ocrx_word' id='word_1_22' title='bbox 848 1133 1005 1231; x_wconf 87' lang='lat' dir='ltr'><strong>seipsum</strong></span> <span class='ocrx_word' id='word_1_23' title='bbox 1021 1132 1179 1205; x_wconf 88' lang='lat' dir='ltr'><strong>Domino</strong></span> <span class='ocrx_word' id='word_1_24' title='bbox 1195 1147 1230 1204; x_wconf 90' lang='lat' dir='ltr'><strong>ct</strong></span> <span class='ocrx_word' id='word_1_25' title='bbox 1245 1157 1347 1205; x_wconf 91' lang='lat' dir='ltr'><strong>sanc-</strong></span> 
     </span>
     <span class='ocr_line' id='line_1_5' title="bbox 287 1241 1347 1346; baseline 0.004 -28"><span class='ocrx_word' id='word_1_26' title='bbox 287 1247 330 1319; x_wconf 91' lang='lat' dir='ltr'><strong>tis</strong></span> <span class='ocrx_word' id='word_1_27' title='bbox 353 1247 433 1346; x_wconf 86' lang='lat' dir='ltr'><strong>ejus</strong></span> <span class='ocrx_word' id='word_1_28' title='bbox 466 1261 545 1322; x_wconf 89' lang='lat' dir='ltr'><strong>toto</strong></span> <span class='ocrx_word' id='word_1_29' title='bbox 571 1241 693 1322; x_wconf 86' lang='lat' dir='ltr'><strong>animo</strong></span> <span class='ocrx_word' id='word_1_30' title='bbox 718 1248 908 1341; x_wconf 86' lang='lat' dir='ltr'><strong>inserebat,</strong></span> <span class='ocrx_word' id='word_1_31' title='bbox 933 1265 971 1322; x_wconf 88' lang='lat' dir='ltr'><strong>et</strong></span> <span class='ocrx_word' id='word_1_32' title='bbox 995 1265 1036 1322; x_wconf 92' lang='lat' dir='ltr'><strong>ut</strong></span> <span class='ocrx_word' id='word_1_33' title='bbox 1057 1249 1104 1322; x_wconf 91' lang='lat' dir='ltr'><strong>de</strong></span> <span class='ocrx_word' id='word_1_34' title='bbox 1127 1249 1347 1322; x_wconf 87' lang='lat' dir='ltr'><strong>vestimentis</strong></span> 
     </span>
     <span class='ocr_line' id='line_1_6' title="bbox 285 1361 1348 1462; baseline 0.002 -28"><span class='ocrx_word' id='word_1_35' title='bbox 285 1361 553 1462; x_wconf 85' lang='lat' dir='ltr'><strong>episcopalibus</strong></span> <span class='ocrx_word' id='word_1_36' title='bbox 575 1361 671 1436; x_wconf 90' lang='lat' dir='ltr'><strong>beati</strong></span> <span class='ocrx_word' id='word_1_37' title='bbox 695 1363 858 1461; x_wconf 89' lang='lat' dir='ltr'><strong>Dionysii</strong></span> <span class='ocrx_word' id='word_1_38' title='bbox 880 1365 1052 1461; x_wconf 86' lang='lat' dir='ltr'><strong>sanguine</strong></span> <span class='ocrx_word' id='word_1_39' title='bbox 1074 1363 1283 1436; x_wconf 81' lang='lat' dir='ltr'><strong>madefactis</strong></span> <span class='ocrx_word' id='word_1_40' title='bbox 1299 1363 1348 1437; x_wconf 86' lang='lat' dir='ltr'><strong>ad</strong></span> 
     </span>
     <span class='ocr_line' id='line_1_7' title="bbox 286 1475 1348 1579; baseline 0.003 -30"><span class='ocrx_word' id='word_1_41' title='bbox 286 1475 590 1578; x_wconf 89' lang='lat' dir='ltr'><strong>patrocinandum</strong></span> <span class='ocrx_word' id='word_1_42' title='bbox 605 1477 723 1576; x_wconf 88' lang='lat' dir='ltr'><strong>aliqua</strong></span> <span class='ocrx_word' id='word_1_43' title='bbox 740 1479 772 1550; x_wconf 90' lang='lat' dir='ltr'><strong>ei</strong></span> <span class='ocrx_word' id='word_1_44' title='bbox 783 1479 929 1552; x_wconf 87' lang='lat' dir='ltr'><strong>daretur</strong></span> <span class='ocrx_word' id='word_1_45' title='bbox 936 1477 1163 1578; x_wconf 88' lang='lat' dir='ltr'><strong>portiuncula</strong></span> <span class='ocrx_word' id='word_1_46' title='bbox 1175 1479 1348 1579; x_wconf 91' lang='lat' dir='ltr'><strong>supplici·</strong></span> 
     </span>
     <span class='ocr_line' id='line_1_8' title="bbox 286 1591 1348 1693; baseline 0.001 -27"><span class='ocrx_word' id='word_1_47' title='bbox 286 1607 342 1666; x_wconf 89' lang='lat' dir='ltr'><strong>ter</strong></span> <span class='ocrx_word' id='word_1_48' title='bbox 357 1593 523 1666; x_wconf 84' lang='lat' dir='ltr'><strong>exoravit</strong></span> <span class='ocrx_word' id='word_1_49' title='bbox 551 1597 670 1665; x_wconf 74' lang='lat' dir='ltr'><strong>:rNe</strong></span> <span class='ocrx_word' id='word_1_50' title='bbox 694 1591 891 1693; x_wconf 81' lang='lat' dir='ltr'><strong>displiceat,</strong></span> <span class='ocrx_word' id='word_1_51' title='bbox 917 1595 1097 1692; x_wconf 88' lang='lat' dir='ltr'><strong>inquiens,</strong></span> <span class='ocrx_word' id='word_1_52' title='bbox 1121 1596 1151 1667; x_wconf 94' lang='lat' dir='ltr'><strong>si</strong></span> <span class='ocrx_word' id='word_1_53' title='bbox 1174 1593 1220 1668; x_wconf 93' lang='lat' dir='ltr'><strong>de</strong></span> <span class='ocrx_word' id='word_1_54' title='bbox 1240 1596 1348 1668; x_wconf 89' lang='lat' dir='ltr'><strong>vesti·</strong></span> 
     </span>
     <span class='ocr_line' id='line_1_9' title="bbox 290 1699 1348 1809; baseline 0.008 -32"><span class='ocrx_word' id='word_1_55' title='bbox 290 1738 309 1776; x_wconf 74' lang='grc' dir='ltr'><strong>α</strong></span> <span class='ocrx_word' id='word_1_56' title='bbox 325 1710 460 1782; x_wconf 89' lang='lat' dir='ltr'><strong>mentis</strong></span> <span class='ocrx_word' id='word_1_57' title='bbox 477 1710 555 1807; x_wconf 87' lang='lat' dir='ltr'><strong>ejus</strong></span> <span class='ocrx_word' id='word_1_58' title='bbox 573 1709 680 1782; x_wconf 90' lang='lat' dir='ltr'><strong>nobis</strong></span> <span class='ocrx_word' id='word_1_59' title='bbox 696 1710 752 1783; x_wconf 86' lang='lat' dir='ltr'><strong>vel</strong></span> <span class='ocrx_word' id='word_1_60' title='bbox 769 1699 898 1809; x_wconf 86' lang='lat' dir='ltr'><strong>parum</strong></span> <span class='ocrx_word' id='word_1_61' title='bbox 908 1709 1135 1784; x_wconf 81' lang='lat' dir='ltr'><strong>reddideritis</strong></span> <span class='ocrx_word' id='word_1_62' title='bbox 1147 1714 1170 1801; x_wconf 85' lang='lat'><strong>¹,</strong></span> <span class='ocrx_word' id='word_1_63' title='bbox 1191 1713 1253 1809; x_wconf 93' lang='lat' dir='ltr'><strong>qui</strong></span> <span class='ocrx_word' id='word_1_64' title='bbox 1265 1735 1348 1785; x_wconf 92' lang='lat' dir='ltr'><strong>eum</strong></span> 
     </span>
     <span class='ocr_line' id='line_1_10' title="bbox 290 1823 1352 1926; baseline 0.009 -35"><span class='ocrx_word' id='word_1_65' title='bbox 290 1853 309 1891; x_wconf 74' lang='grc' dir='ltr'><strong>α</strong></span> <span class='ocrx_word' id='word_1_66' title='bbox 327 1823 433 1897; x_wconf 81' lang='lat' dir='ltr'><strong>vobis</strong></span> <span class='ocrx_word' id='word_1_67' title='bbox 441 1823 645 1924; x_wconf 90' lang='lat' dir='ltr'><strong>apostolatu</strong></span> <span class='ocrx_word' id='word_1_68' title='bbox 655 1825 775 1898; x_wconf 86' lang='lat' dir='ltr'><strong>Galliae</strong></span> <span class='ocrx_word' id='word_1_69' title='bbox 785 1826 992 1924; x_wconf 84' lang='lat' dir='ltr'><strong>insignitum</strong></span> <span class='ocrx_word' id='word_1_70' title='bbox 1001 1827 1352 1926; x_wconf 79' lang='lat' dir='ltr'><strong>absquemurmure¹</strong></span> 
     </span>
     <span class='ocr_line' id='line_1_11' title="bbox 291 1938 1352 2042; baseline 0.007 -36"><span class='ocrx_word' id='word_1_71' title='bbox 291 1969 309 2006; x_wconf 79' lang='grc' dir='ltr'>ι</span> <span class='ocrx_word' id='word_1_72' title='bbox 325 1938 599 2015; x_wconf 84' lang='lat' dir='ltr'><strong>destinavimus.</strong></span> <span class='ocrx_word' id='word_1_73' title='bbox 611 1972 628 2009; x_wconf 78' lang='lat' dir='ltr'><strong>n</strong></span> <span class='ocrx_word' id='word_1_74' title='bbox 641 1943 806 2014; x_wconf 88' lang='lat' dir='ltr'><strong>Occurrit</strong></span> <span class='ocrx_word' id='word_1_75' title='bbox 816 1943 936 2041; x_wconf 88' lang='lat' dir='ltr'><strong>itaque</strong></span> <span class='ocrx_word' id='word_1_76' title='bbox 951 1944 984 2016; x_wconf 90' lang='lat' dir='ltr'><strong>ei</strong></span> <span class='ocrx_word' id='word_1_77' title='bbox 996 1942 1131 2015; x_wconf 86' lang='lat' dir='ltr'><strong>ibidem</strong></span> <span class='ocrx_word' id='word_1_78' title='bbox 1140 1967 1201 2015; x_wconf 80' lang='lat' dir='ltr'><strong>rex</strong></span> <span class='ocrx_word' id='word_1_79' title='bbox 1219 1943 1352 2042; x_wconf 84' lang='lat' dir='ltr'><strong>Philip-</strong></span> 
     </span>
     <span class='ocr_line' id='line_1_12' title="bbox 289 2055 1348 2157; baseline 0.007 -31"><span class='ocrx_word' id='word_1_80' title='bbox 289 2077 352 2154; x_wconf 88' lang='lat' dir='ltr'><strong>pus</strong></span> <span class='ocrx_word' id='word_1_81' title='bbox 366 2071 402 2128; x_wconf 94' lang='lat' dir='ltr'><strong>et</strong></span> <span class='ocrx_word' id='word_1_82' title='bbox 424 2055 596 2130; x_wconf 87' lang='lat' dir='ltr'><strong>dominus</strong></span> <span class='ocrx_word' id='word_1_83' title='bbox 612 2057 814 2130; x_wconf 88' lang='lat' dir='ltr'><strong>Ludovicus</strong></span> <span class='ocrx_word' id='word_1_84' title='bbox 840 2058 934 2130; x_wconf 89' lang='lat' dir='ltr'><strong>lilius</strong></span> <span class='ocrx_word' id='word_1_85' title='bbox 951 2060 1027 2157; x_wconf 91' lang='lat' dir='ltr'><strong>ejus</strong></span> <span class='ocrx_word' id='word_1_86' title='bbox 1043 2073 1223 2154; x_wconf 84' lang='lat' dir='ltr'><strong>gratanter</strong></span> <span class='ocrx_word' id='word_1_87' title='bbox 1236 2074 1348 2133; x_wconf 91' lang='lat' dir='ltr'><strong>etvo·</strong></span> 
     </span>
     <span class='ocr_line' id='line_1_13' title="bbox 291 2170 1351 2272; baseline 0.005 -30"><span class='ocrx_word' id='word_1_88' title='bbox 291 2170 578 2263; x_wconf 83' lang='lat' dir='ltr'><strong>tive,amoreDei</strong></span> <span class='ocrx_word' id='word_1_89' title='bbox 594 2172 818 2270; x_wconf 88' lang='lat' dir='ltr'><strong>majestatem</strong></span> <span class='ocrx_word' id='word_1_90' title='bbox 829 2175 964 2268; x_wconf 83' lang='lat' dir='ltr'><strong>regiam</strong></span> <span class='ocrx_word' id='word_1_91' title='bbox 977 2173 1130 2272; x_wconf 92' lang='lat' dir='ltr'><strong>pedibus</strong></span> <span class='ocrx_word' id='word_1_92' title='bbox 1145 2176 1221 2271; x_wconf 87' lang='lat' dir='ltr'><strong>ejus</strong></span> <span class='ocrx_word' id='word_1_93' title='bbox 1232 2175 1351 2247; x_wconf 92' lang='lat' dir='ltr'><strong>incur-</strong></span> 
     </span>
     <span class='ocr_line' id='line_1_14' title="bbox 290 2287 1351 2389; baseline 0.006 -33"><span class='ocrx_word' id='word_1_94' title='bbox 290 2303 428 2380; x_wconf 76' lang='lat' dir='ltr'><strong>vantes,</strong></span> <span class='ocrx_word' id='word_1_95' title='bbox 448 2288 759 2387; x_wconf 91' lang='lat' dir='ltr'><strong>quemadmodum</strong></span> <span class='ocrx_word' id='word_1_96' title='bbox 779 2305 1042 2362; x_wconf 85' lang='lat' dir='ltr'><strong>consueverunt</strong></span> <span class='ocrx_word' id='word_1_97' title='bbox 1057 2289 1104 2362; x_wconf 92' lang='lat' dir='ltr'><strong>ad</strong></span> <span class='ocrx_word' id='word_1_98' title='bbox 1119 2287 1351 2389; x_wconf 85' lang='lat' dir='ltr'><strong>sepulchrum</strong></span> 
     </span>
     <span class='ocr_line' id='line_1_15' title="bbox 292 2401 1347 2501; baseline 0.001 -25"><span class='ocrx_word' id='word_1_99' title='bbox 292 2401 477 2500; x_wconf 75' lang='lat' dir='ltr'><strong>pisoetoris</strong></span> <span class='ocrx_word' id='word_1_100' title='bbox 505 2406 599 2478; x_wconf 86' lang='lat' dir='ltr'><strong>Petri</strong></span> <span class='ocrx_word' id='word_1_101' title='bbox 626 2428 728 2501; x_wconf 84' lang='lat' dir='ltr'><strong>reges</strong></span> <span class='ocrx_word' id='word_1_102' title='bbox 746 2403 924 2478; x_wconf 90' lang='lat' dir='ltr'><strong>submisso</strong></span> <span class='ocrx_word' id='word_1_103' title='bbox 947 2404 1149 2478; x_wconf 87' lang='lat' dir='ltr'><strong>diademate</strong></span> <span class='ocrx_word' id='word_1_104' title='bbox 1169 2405 1347 2477; x_wconf 85' lang='lat' dir='ltr'><strong>inclinari.</strong></span> 
     </span>
     <span class='ocr_line' id='line_1_16' title="bbox 293 2519 1351 2620; baseline 0.003 -29"><span class='ocrx_word' id='word_1_105' title='bbox 293 2519 386 2606; x_wconf 86' lang='lat' dir='ltr'><strong>Quos</strong></span> <span class='ocrx_word' id='word_1_106' title='bbox 399 2519 574 2594; x_wconf 91' lang='lat' dir='ltr'><strong>dominus</strong></span> <span class='ocrx_word' id='word_1_107' title='bbox 586 2544 678 2620; x_wconf 90' lang='lat' dir='ltr'><strong>papa</strong></span> <span class='ocrx_word' id='word_1_108' title='bbox 685 2545 796 2594; x_wconf 87' lang='lat' dir='ltr'><strong>manu</strong></span> <span class='ocrx_word' id='word_1_109' title='bbox 812 2521 964 2618; x_wconf 86' lang='lat' dir='ltr'><strong>erigens,</strong></span> <span class='ocrx_word' id='word_1_110' title='bbox 976 2536 1148 2619; x_wconf 89' lang='lat' dir='ltr'><strong>tanquam</strong></span> <span class='ocrx_word' id='word_1_111' title='bbox 1162 2519 1351 2594; x_wconf 86' lang='lat' dir='ltr'><strong>devotissi-</strong></span> 
     </span>
     <span class='ocr_line' id='line_1_17' title="bbox 293 2636 1384 2735; baseline -0.001 -27"><span class='ocrx_word' id='word_1_112' title='bbox 293 2661 365 2708; x_wconf 88' lang='lat' dir='ltr'><strong>mos</strong></span> <span class='ocrx_word' id='word_1_113' title='bbox 386 2637 635 2735; x_wconf 88' lang='lat' dir='ltr'><strong>apostolorum</strong></span> <span class='ocrx_word' id='word_1_114' title='bbox 660 2636 767 2729; x_wconf 88' lang='lat' dir='ltr'><strong>lilios,</strong></span> <span class='ocrx_word' id='word_1_115' title='bbox 788 2652 870 2709; x_wconf 88' lang='lat' dir='ltr'><strong>ante</strong></span> <span class='ocrx_word' id='word_1_116' title='bbox 888 2661 926 2709; x_wconf 91' lang='lat' dir='ltr'><strong>se</strong></span> <span class='ocrx_word' id='word_1_117' title='bbox 945 2637 1124 2710; x_wconf 74' lang='lat' dir='ltr'><strong>residere·</strong></span> <span class='ocrx_word' id='word_1_118' title='bbox 1141 2637 1237 2709; x_wconf 85' lang='lat' dir='ltr'><strong>lecit.</strong></span> <span class='ocrx_word' id='word_1_119' title='bbox 1258 2638 1352 2708; x_wconf 92' lang='lat' dir='ltr'><strong>Cum</strong></span> <span class='ocrx_word' id='word_1_120' title='bbox 1379 2716 1384 2726; x_wconf 31' lang='lat'><strong><em>¹</em></strong></span> 
     </span>
    </p>
   </div>
   <div class='ocr_carea' id='block_1_3' title="bbox 294 2750 1350 2962">
    <p class='ocr_par' dir='ltr' id='par_1_3' title="bbox 294 2750 1350 2962">
     <span class='ocr_line' id='line_1_18' title="bbox 294 2750 1348 2852; baseline 0.002 -30"><span class='ocrx_word' id='word_1_121' title='bbox 294 2750 420 2850; x_wconf 91' lang='lat' dir='ltr'><strong>quibus</strong></span> <span class='ocrx_word' id='word_1_122' title='bbox 439 2752 486 2824; x_wconf 93' lang='lat' dir='ltr'><strong>de</strong></span> <span class='ocrx_word' id='word_1_123' title='bbox 505 2768 599 2826; x_wconf 87' lang='lat' dir='ltr'><strong>statu</strong></span> <span class='ocrx_word' id='word_1_124' title='bbox 622 2753 786 2842; x_wconf 75' lang='lat' dir='ltr'><strong>ecclesiae,</strong></span> <span class='ocrx_word' id='word_1_125' title='bbox 809 2767 849 2824; x_wconf 93' lang='lat' dir='ltr'><strong>ut</strong></span> <span class='ocrx_word' id='word_1_126' title='bbox 869 2753 1011 2852; x_wconf 88' lang='lat' dir='ltr'><strong>sapiens</strong></span> <span class='ocrx_word' id='word_1_127' title='bbox 1033 2754 1211 2852; x_wconf 87' lang='lat' dir='ltr'><strong>sapienter</strong></span> <span class='ocrx_word' id='word_1_128' title='bbox 1227 2776 1348 2847; x_wconf 87' lang='lat' dir='ltr'><strong>agens,</strong></span> 
     </span>
     <span class='ocr_line' id='line_1_19' title="bbox 295 2861 1350 2962; baseline 0.001 -29"><span class='ocrx_word' id='word_1_129' title='bbox 295 2861 510 2936; x_wconf 78' lang='lat' dir='ltr'><strong>familiariter</strong></span> <span class='ocrx_word' id='word_1_130' title='bbox 523 2863 696 2938; x_wconf 90' lang='lat' dir='ltr'><strong>contulit:</strong></span> <span class='ocrx_word' id='word_1_131' title='bbox 713 2889 845 2962; x_wconf 90' lang='lat' dir='ltr'><strong>eosque</strong></span> <span class='ocrx_word' id='word_1_132' title='bbox 855 2862 988 2937; x_wconf 88' lang='lat' dir='ltr'><strong>blande</strong></span> <span class='ocrx_word' id='word_1_133' title='bbox 1001 2863 1224 2956; x_wconf 86' lang='lat' dir='ltr'><strong>demulcens,</strong></span> <span class='ocrx_word' id='word_1_134' title='bbox 1242 2862 1350 2936; x_wconf 88' lang='lat' dir='ltr'><strong>beato</strong></span> 
     </span>
    </p>
   </div>
   <div class='ocr_carea' id='block_1_4' title="bbox 295 2978 1354 4121">
    <p class='ocr_par' dir='ltr' id='par_1_4' title="bbox 295 2978 1354 4121">
     <span class='ocr_line' id='line_1_20' title="bbox 295 2978 1351 3079; baseline 0.003 -30"><span class='ocrx_word' id='word_1_135' title='bbox 295 2983 395 3051; x_wconf 87' lang='lat' dir='ltr'><strong>Petro</strong></span> <span class='ocrx_word' id='word_1_136' title='bbox 410 2980 554 3078; x_wconf 84' lang='lat' dir='ltr'><strong>sibique</strong></span> <span class='ocrx_word' id='word_1_137' title='bbox 578 2979 654 3078; x_wconf 89' lang='lat' dir='ltr'><strong>ejus</strong></span> <span class='ocrx_word' id='word_1_138' title='bbox 671 2979 807 3052; x_wconf 82' lang='lat' dir='ltr'><strong>vicario</strong></span> <span class='ocrx_word' id='word_1_139' title='bbox 832 2979 1010 3079; x_wconf 89' lang='lat' dir='ltr'><strong>supplicat</strong></span> <span class='ocrx_word' id='word_1_140' title='bbox 1034 3004 1142 3078; x_wconf 89' lang='lat' dir='ltr'><strong>opem</strong></span> <span class='ocrx_word' id='word_1_141' title='bbox 1161 2978 1265 3070; x_wconf 81' lang='lat' dir='ltr'><strong>ferre,</strong></span> <span class='ocrx_word' id='word_1_142' title='bbox 1291 3005 1351 3052; x_wconf 91' lang='lat' dir='ltr'><strong>ec·</strong></span> 
     </span>
     <span class='ocr_line' id='line_1_21' title="bbox 295 3093 1351 3190; baseline 0 -24"><span class='ocrx_word' id='word_1_143' title='bbox 295 3093 433 3168; x_wconf 88' lang='lat' dir='ltr'><strong>clesiam</strong></span> <span class='ocrx_word' id='word_1_144' title='bbox 459 3109 707 3186; x_wconf 88' lang='lat' dir='ltr'><strong>manutenere,</strong></span> <span class='ocrx_word' id='word_1_145' title='bbox 728 3110 778 3184; x_wconf 88' lang='lat' dir='ltr'><strong>et,</strong></span> <span class='ocrx_word' id='word_1_146' title='bbox 809 3094 899 3167; x_wconf 90' lang='lat' dir='ltr'><strong>sicut</strong></span> <span class='ocrx_word' id='word_1_147' title='bbox 930 3109 1199 3168; x_wconf 88' lang='lat' dir='ltr'><strong>antecessorum</strong></span> <span class='ocrx_word' id='word_1_148' title='bbox 1224 3119 1351 3190; x_wconf 86' lang='lat' dir='ltr'><strong>regum</strong></span> 
     </span>
     <span class='ocr_line' id='line_1_22' title="bbox 296 3192 1354 3308; baseline 0.003 -29"><span class='ocrx_word' id='word_1_149' title='bbox 296 3211 510 3283; x_wconf 84' lang='lat' dir='ltr'><strong>Francorum</strong></span> <span class='ocrx_word' id='word_1_150' title='bbox 524 3209 643 3283; x_wconf 88' lang='lat' dir='ltr'><strong>Caroli</strong></span> <span class='ocrx_word' id='word_1_151' title='bbox 657 3211 776 3306; x_wconf 85' lang='lat' dir='ltr'><strong>Magni</strong></span> <span class='ocrx_word' id='word_1_152' title='bbox 790 3225 827 3283; x_wconf 92' lang='lat' dir='ltr'><strong>et</strong></span> <span class='ocrx_word' id='word_1_153' title='bbox 841 3209 996 3283; x_wconf 91' lang='lat' dir='ltr'><strong>aliorum</strong></span> <span class='ocrx_word' id='word_1_154' title='bbox 1010 3235 1091 3283; x_wconf 89' lang='lat' dir='ltr'><strong>mos</strong></span> <span class='ocrx_word' id='word_1_155' title='bbox 1110 3210 1271 3301; x_wconf 87' lang='lat' dir='ltr'><strong>inolevit,</strong></span> <span class='ocrx_word' id='word_1_156' title='bbox 1290 3192 1354 3308; x_wconf 57' lang='lat' dir='ltr'><strong>tp·</strong></span> 
     </span>
     <span class='ocr_line' id='line_1_23' title="bbox 297 3324 1353 3424; baseline 0 -26"><span class='ocrx_word' id='word_1_157' title='bbox 297 3326 411 3398; x_wconf 87' lang='lat' dir='ltr'><strong>rannis</strong></span> <span class='ocrx_word' id='word_1_158' title='bbox 433 3342 470 3399; x_wconf 85' lang='lat' dir='ltr'><strong>et</strong></span> <span class='ocrx_word' id='word_1_159' title='bbox 494 3326 650 3399; x_wconf 75' lang='lat' dir='ltr'><strong>ccclesiae</strong></span> <span class='ocrx_word' id='word_1_160' title='bbox 679 3324 856 3414; x_wconf 91' lang='lat' dir='ltr'><strong>hostibus,</strong></span> <span class='ocrx_word' id='word_1_161' title='bbox 883 3339 919 3398; x_wconf 92' lang='lat' dir='ltr'><strong>et</strong></span> <span class='ocrx_word' id='word_1_162' title='bbox 948 3326 1175 3424; x_wconf 91' lang='lat' dir='ltr'><strong>potissimum</strong></span> <span class='ocrx_word' id='word_1_163' title='bbox 1200 3325 1353 3398; x_wconf 85' lang='lat' dir='ltr'><strong>ilenrico</strong></span> 
     </span>
     <span class='ocr_line' id='line_1_24' title="bbox 297 3440 1354 3541; baseline 0 -29"><span class='ocrx_word' id='word_1_164' title='bbox 297 3441 497 3541; x_wconf 85' lang='lat' dir='ltr'><strong>imperatori</strong></span> <span class='ocrx_word' id='word_1_165' title='bbox 529 3440 699 3514; x_wconf 91' lang='lat' dir='ltr'><strong>audacter</strong></span> <span class='ocrx_word' id='word_1_166' title='bbox 724 3443 895 3513; x_wconf 89' lang='lat' dir='ltr'><strong>resistere.</strong></span> <span class='ocrx_word' id='word_1_167' title='bbox 925 3443 998 3530; x_wconf 89' lang='lat' dir='ltr'><strong>Qui</strong></span> <span class='ocrx_word' id='word_1_168' title='bbox 1023 3443 1207 3533; x_wconf 86' lang='lat' dir='ltr'><strong>amicitiae,</strong></span> <span class='ocrx_word' id='word_1_169' title='bbox 1233 3441 1354 3513; x_wconf 82' lang='lat' dir='ltr'><strong>auxilii</strong></span> 
     </span>
     <span class='ocr_line' id='line_1_25' title="bbox 299 3555 1350 3656; baseline 0 -28"><span class='ocrx_word' id='word_1_170' title='bbox 299 3572 332 3628; x_wconf 85' lang='lat' dir='ltr'><strong>et</strong></span> <span class='ocrx_word' id='word_1_171' title='bbox 350 3558 483 3631; x_wconf 85' lang='lat' dir='ltr'><strong>consilii</strong></span> <span class='ocrx_word' id='word_1_172' title='bbox 507 3558 650 3632; x_wconf 86' lang='lat' dir='ltr'><strong>dextras</strong></span> <span class='ocrx_word' id='word_1_173' title='bbox 669 3557 859 3648; x_wconf 88' lang='lat' dir='ltr'><strong>dederunt,</strong></span> <span class='ocrx_word' id='word_1_174' title='bbox 892 3581 1045 3653; x_wconf 85' lang='lat' dir='ltr'><strong>regnum</strong></span> <span class='ocrx_word' id='word_1_175' title='bbox 1067 3573 1309 3656; x_wconf 82' lang='lat' dir='ltr'><strong>exposuerunt</strong></span> <span class='ocrx_word' id='word_1_176' title='bbox 1322 3555 1350 3651; x_wconf 79' lang='lat'><strong>⁴,</strong></span> 
     </span>
     <span class='ocr_line' id='line_1_26' title="bbox 298 3672 1351 3771; baseline 0 -27"><span class='ocrx_word' id='word_1_177' title='bbox 298 3687 332 3744; x_wconf 91' lang='lat' dir='ltr'><strong>et</strong></span> <span class='ocrx_word' id='word_1_178' title='bbox 346 3674 405 3771; x_wconf 91' lang='lat' dir='ltr'><strong>qui</strong></span> <span class='ocrx_word' id='word_1_179' title='bbox 425 3699 509 3747; x_wconf 92' lang='lat' dir='ltr'><strong>cum</strong></span> <span class='ocrx_word' id='word_1_180' title='bbox 527 3701 572 3748; x_wconf 91' lang='lat' dir='ltr'><strong>eo</strong></span> <span class='ocrx_word' id='word_1_181' title='bbox 588 3674 824 3748; x_wconf 88' lang='lat' dir='ltr'><strong>Catalaunum</strong></span> <span class='ocrx_word' id='word_1_182' title='bbox 843 3673 1070 3771; x_wconf 86' lang='lat' dir='ltr'><strong>imperatoris</strong></span> <span class='ocrx_word' id='word_1_183' title='bbox 1084 3672 1207 3769; x_wconf 82' lang='lat' dir='ltr'><strong>legatis</strong></span> <span class='ocrx_word' id='word_1_184' title='bbox 1223 3697 1351 3745; x_wconf 89' lang='lat' dir='ltr'><strong>occur-</strong></span> 
     </span>
     <span class='ocr_line' id='line_1_27' title="bbox 298 3787 1354 3888; baseline 0.003 -28"><span class='ocrx_word' id='word_1_185' title='bbox 298 3811 377 3860; x_wconf 88' lang='lat' dir='ltr'><strong>rere</strong></span> <span class='ocrx_word' id='word_1_186' title='bbox 396 3789 576 3881; x_wconf 82' lang='lat' dir='ltr'><strong>festinent,</strong></span> <span class='ocrx_word' id='word_1_187' title='bbox 604 3789 890 3888; x_wconf 88' lang='lat' dir='ltr'><strong>archiepiscopos</strong></span> <span class='ocrx_word' id='word_1_188' title='bbox 909 3803 946 3861; x_wconf 85' lang='lat' dir='ltr'><strong>et</strong></span> <span class='ocrx_word' id='word_1_189' title='bbox 966 3789 1166 3888; x_wconf 89' lang='lat' dir='ltr'><strong>episcopos,</strong></span> <span class='ocrx_word' id='word_1_190' title='bbox 1187 3804 1225 3863; x_wconf 88' lang='lat' dir='ltr'><strong>et</strong></span> <span class='ocrx_word' id='word_1_191' title='bbox 1239 3787 1354 3863; x_wconf 85' lang='lat' dir='ltr'><strong>abba·</strong></span> 
     </span>
     <span class='ocr_line' id='line_1_28' title="bbox 298 3904 1351 4005; baseline 0.001 -30"><span class='ocrx_word' id='word_1_192' title='bbox 298 3916 371 3975; x_wconf 89' lang='lat' dir='ltr'><strong>tem</strong></span> <span class='ocrx_word' id='word_1_193' title='bbox 391 3905 505 3977; x_wconf 86' lang='lat' dir='ltr'><strong>Sancti</strong></span> <span class='ocrx_word' id='word_1_194' title='bbox 526 3905 685 4003; x_wconf 88' lang='lat' dir='ltr'><strong>Dyonisii</strong></span> <span class='ocrx_word' id='word_1_195' title='bbox 711 3904 836 3997; x_wconf 76' lang='lat' dir='ltr'><strong>Adam,</strong></span> <span class='ocrx_word' id='word_1_196' title='bbox 860 3930 945 3978; x_wconf 91' lang='lat' dir='ltr'><strong>cum</strong></span> <span class='ocrx_word' id='word_1_197' title='bbox 966 3929 1041 4005; x_wconf 93' lang='lat' dir='ltr'><strong>quo</strong></span> <span class='ocrx_word' id='word_1_198' title='bbox 1064 3919 1099 3977; x_wconf 93' lang='lat' dir='ltr'><strong>et</strong></span> <span class='ocrx_word' id='word_1_199' title='bbox 1120 3930 1188 3978; x_wconf 93' lang='lat' dir='ltr'><strong>nos</strong></span> <span class='ocrx_word' id='word_1_200' title='bbox 1203 3905 1351 3999; x_wconf 83' lang='lat' dir='ltr'><strong>fuimus,</strong></span> 
     </span>
     <span class='ocr_line' id='line_1_29' title="bbox 297 4019 1353 4121; baseline 0.002 -31"><span class='ocrx_word' id='word_1_201' title='bbox 297 4019 567 4116; x_wconf 83' lang='lat' dir='ltr'><strong>conjunxerunt.</strong></span> <span class='ocrx_word' id='word_1_202' title='bbox 594 4020 663 4093; x_wconf 89' lang='lat' dir='ltr'><strong>Ubi</strong></span> <span class='ocrx_word' id='word_1_203' title='bbox 681 4044 765 4094; x_wconf 92' lang='lat' dir='ltr'><strong>cum</strong></span> <span class='ocrx_word' id='word_1_204' title='bbox 789 4019 960 4093; x_wconf 90' lang='lat' dir='ltr'><strong>domiuus</strong></span> <span class='ocrx_word' id='word_1_205' title='bbox 979 4046 1072 4121; x_wconf 89' lang='lat' dir='ltr'><strong>papa</strong></span> <span class='ocrx_word' id='word_1_206' title='bbox 1097 4019 1353 4118; x_wconf 88' lang='lat' dir='ltr'><strong>aliquantisper</strong></span> 
     </span>
    </p>
   </div>
   <div class='ocr_carea' id='block_1_5' title="bbox 338 4292 1196 4469">
    <p class='ocr_par' dir='ltr' id='par_1_5' title="bbox 338 4292 1196 4469">
     <span class='ocr_line' id='line_1_30' title="bbox 338 4292 1196 4359; baseline 0.001 -3"><span class='ocrx_word' id='word_1_207' title='bbox 338 4299 370 4358; x_wconf 85' lang='lat' dir='ltr'><strong>l.</strong></span> <span class='ocrx_word' id='word_1_208' title='bbox 392 4299 584 4358; x_wconf 71' lang='lat' dir='ltr'><strong>Reddidcrerr&#39;s</strong></span> <span class='ocrx_word' id='word_1_209' title='bbox 595 4299 666 4358; x_wconf 74' lang='lat'><strong>1³5.</strong></span> <span class='ocrx_word' id='word_1_210' title='bbox 683 4327 724 4343; x_wconf 92' lang='grc'><strong>-</strong></span> <span class='ocrx_word' id='word_1_211' title='bbox 739 4299 770 4358; x_wconf 75' lang='lat'><strong>2.</strong></span> <span class='ocrx_word' id='word_1_212' title='bbox 792 4299 916 4356; x_wconf 79' lang='lat' dir='ltr'><strong>Munere</strong></span> <span class='ocrx_word' id='word_1_213' title='bbox 928 4292 1196 4359; x_wconf 60' lang='lat' dir='ltr'><strong>alacritatem.</strong></span> 
     </span>
     <span class='ocr_line' id='line_1_31' title="bbox 339 4385 1159 4469; baseline 0.001 -21"><span class='ocrx_word' id='word_1_214' title='bbox 339 4390 372 4452; x_wconf 70' lang='lat'><strong>8.</strong></span> <span class='ocrx_word' id='word_1_215' title='bbox 393 4391 433 4449; x_wconf 72' lang='lat' dir='ltr'><strong>lta</strong></span> <span class='ocrx_word' id='word_1_216' title='bbox 446 4389 531 4453; x_wconf 86' lang='lat' dir='ltr'><strong>codd.</strong></span> <span class='ocrx_word' id='word_1_217' title='bbox 546 4409 648 4450; x_wconf 87' lang='lat' dir='ltr'><strong>omnes</strong></span> <span class='ocrx_word' id='word_1_218' title='bbox 663 4402 750 4469; x_wconf 86' lang='lat' dir='ltr'><strong>atque</strong></span> <span class='ocrx_word' id='word_1_219' title='bbox 760 4387 821 4449; x_wconf 86' lang='lat' dir='ltr'><strong>edit</strong></span> <span class='ocrx_word' id='word_1_220' title='bbox 834 4389 936 4451; x_wconf 80' lang='lat' dir='ltr'><strong>Germ.</strong></span> <span class='ocrx_word' id='word_1_221' title='bbox 949 4385 1039 4460; x_wconf 73' lang='lat' dir='ltr'><strong>elias,</strong></span> <span class='ocrx_word' id='word_1_222' title='bbox 1051 4388 1159 4449; x_wconf 72' lang='lat' dir='ltr'><strong>redhe.</strong></span> 
     </span>
    </p>
   </div>
   <div class='ocr_carea' id='block_1_6' title="bbox 346 4488 538 4552">
    <p class='ocr_par' dir='ltr' id='par_1_6' title="bbox 346 4488 538 4552">
     <span class='ocr_line' id='line_1_32' title="bbox 346 4488 538 4552; baseline 0.021 -4"><span class='ocrx_word' id='word_1_223' title='bbox 346 4489 382 4548; x_wconf 70' lang='lat' dir='ltr'><strong>h·</strong></span> <span class='ocrx_word' id='word_1_224' title='bbox 401 4488 458 4548; x_wconf 81' lang='lat' dir='ltr'><strong>Sibi</strong></span> <span class='ocrx_word' id='word_1_225' title='bbox 470 4493 538 4552; x_wconf 75' lang='grc'>133.</span> 
     </span>
    </p>
   </div>
   <div class='ocr_carea' id='block_1_7' title="bbox 1218 4595 1237 4654">
    <p class='ocr_par' dir='ltr' id='par_1_7' title="bbox 1218 4595 1237 4654">
     <span class='ocr_line' id='line_1_33' title="bbox 1218 4595 1237 4654; baseline 0 0"><span class='ocrx_word' id='word_1_226' title='bbox 1218 4595 1237 4654; x_wconf 80' lang='lat'>³</span> 
     </span>
    </p>
   </div>
   <div class='ocr_carea' id='block_1_8' title="bbox 0 0 1897 5667">
    <p class='ocr_par' dir='ltr' id='par_1_8' title="bbox 0 0 1897 5667">
     <span class='ocr_line' id='line_1_34' title="bbox 0 0 1897 5667; baseline 0 0"><span class='ocrx_word' id='word_1_227' title='bbox 0 0 1897 5667; x_wconf 95' lang='lat' dir='ltr'><strong> </strong></span> 
     </span>
    </p>
   </div>
  </div>
 </body>
</html>
