3742 5667
585 787 646 845 Vlll
666 789 718 845 DE
737 785 850 846 totns
870 787 915 846 LE
936 785 1045 848 GROS.
1304 797 1343 855 ta

281 918 395 1011 navit,
412 942 555 992 necnon
585 935 621 992 et
648 935 828 1019 sceptrum
859 935 896 993 et
926 920 1075 1017 virgam,
1108 936 1143 995 et
1175 927 1245 1023 ‘per
1268 924 1344 998 haec

281 1036 514 1110 ecclesiarum
528 1050 563 1109 et
579 1060 778 1136 pauperum
791 1034 1047 1131 defensionem,
1060 1054 1097 1112 et
1111 1065 1345 1140 quascumque

283 1154 386 1248 regni
411 1152 574 1250 insignia,
598 1152 822 1252 approbante
842 1152 940 1227 clero
963 1169 1000 1228 et
1018 1154 1168 1256 populo,
1188 1155 1345 1230 devotis-

283 1268 374 1341 sime
389 1267 618 1374 contradidit.
634 1270 795 1343 Necdum
809 1284 892 1370 post
910 1270 1189 1345 celebrationem
1204 1271 1345 1345 divino·

282 1409 368 1456 rum
398 1385 543 1460 festivas
565 1384 779 1484 deposuerat
809 1387 966 1478 exuvias,
998 1412 1082 1459 cum
1111 1386 1232 1461 subito
1259 1386 1347 1460 mali

282 1501 408 1574 nuncii
419 1499 638 1598 bajulatores
648 1502 842 1576 allemensi
862 1502 1008 1575 ecclesia
1022 1502 1201 1594 assisttmt,
1213 1503 1348 1576 litteras

283 1616 582 1690 contradictorius
605 1618 818 1710 deferentes,
842 1632 879 1691 et
900 1618 1114 1694 auctoritate
1135 1618 1345 1717 apostoliea,

283 1732 313 1804 si
331 1733 544 1832 tempestiue
554 1735 749 1825 venissent,
765 1759 811 1806 oe
828 1733 924 1832 regia
938 1733 1039 1806 steret
1052 1734 1177 1808 unctio
1188 1733 1350 1806 intermi-

283 1863 425 1923 nantes.
441 1850 618 1924 Dicebant
635 1849 813 1948 siquidem
828 1851 952 1949 primae
962 1851 1054 1948 regis
1069 1875 1212 1923 coronae
1227 1850 1351 1948 primi·

285 1965 352 2038 tias
376 1965 426 2038 ad
455 1971 515 2063 jus
537 1966 692 2040 ecclesiae
720 1968 902 2040 Remensis
928 1982 1099 2065 spectare,
1122 1982 1159 2040 et
1187 1966 1349 2065 aprimo

285 2084 507 2154 Francorum
534 2106 629 2180 rege,
656 2105 765 2180 quem
792 2081 987 2180 baptizavit
1006 2082 1134 2155 beatus
1156 2081 1347 2177 Remigius,

284 2195 485 2290 Clodoveo,
500 2195 596 2270 banc
618 2199 888 2298 prerogativam
910 2197 1086 2270 illibatam
1108 2213 1144 2270 et
1167 2195 1351 2270 inconvul-

285 2338 359 2386 m
365 2313 535 2388 obtinere
550 2341 559 2386 ι
575 2315 691 2414 siquis
702 2340 783 2389 eam
793 2315 983 2387 temerario
992 2339 1082 2386 ausu
1089 2311 1220 2386 violare
1232 2328 1349 2411 temp-

286 2430 427 2519 taverit,
444 2429 665 2503 anathemati
687 2445 860 2530 perpetuo
887 2429 1086 2528 subjacere.
1107 2433 1157 2500 Ea
1173 2425 1351 2526 siquidem

286 2547 487 2636 occasione,
506 2546 776 2646 archiepiscopo
796 2570 875 2638 suo,
902 2543 1097 2619 venerabili
1118 2556 1156 2616 et
1174 2542 1349 2616 emerito⁸

287 2661 362 2734 viro
378 2661 496 2734 Viridi
505 2660 674 2753 llodullo,
684 2662 746 2761 qui
758 2661 897 2735 domiui
914 2662 1022 2758 regis,
1036 2685 1080 2733 eo
1097 2657 1198 2757 quod
1215 2656 1351 2756 absque

290 2777 361 2875 ejus
376 2799 525 2851 assensu
550 2777 682 2851 electus
707 2793 742 2852 et
765 2778 1024 2850 inthronizatus
1048 2777 1163 2851 fiterat
1187 2774 1271 2846 sede
1288 2777 1353 2845 lle·

291 2895 416 2986 mensi,
436 2895 660 2990 gravissimas
683 2909 720 2967 et
743 2895 963 2992 periculosas
976 2894 1177 2966 incurrerat
1196 2889 1351 2961 inimici·

294 3009 367 3098 tias,
385 3033 515 3107 pacem
528 3009 731 3107 impetrate,
747 3025 810 3082 aut
825 3032 947 3106 regem
960 3034 1033 3082 noo
1053 3004 1221 3081 coronari
1234 3027 1353 3102 spera·

293 3121 388 3199 bant.
408 3126 511 3215 Qui¹,
530 3128 614 3223 quia
637 3125 884 3224 intempestive
900 3137 1089 3214 venerunt,
1108 3119 1161 3193 ibi
1179 3120 1284 3212 muti,
1304 3116 1351 3189 ad

294 3242 434 3339 propria
446 3240 614 3339 loquaces
629 3239 813 3314 redierunt
830 3239 1022 3340 :quicquid
1033 3254 1155 3312 tamen
1169 3234 1348 3326 dixerunt,

296 3355 379 3428 nibil
395 3355 483 3431 utile
497 3355 729 3430 retulerunt⁸.

342 3475 432 3545 xlv.
460 3473 661 3546 Ludovicus
680 3473 785 3570 igitur
807 3473 873 3544 Dei
895 3470 1008 3568 gratia
1032 3495 1094 3543 rex
1113 3473 1350 3559 Francorum,

297 3588 461 3686 quoniam
474 3587 512 3660 in
526 3587 764 3662 adolescentia
774 3585 931 3686 idipsum
943 3598 1190 3672 consueverat,
1202 3581 1353 3655 dissues-

298 3725 372 3775 cere
394 3727 469 3776 non
495 3704 627 3802 potuit,
650 3703 816 3777 videlicet
838 3701 1003 3775 ecclesias
1018 3704 1029 3740 ⁸
1047 3700 1152 3790 tueri,
1177 3720 1352 3798 pauperes

300 3833 338 3891 et
349 3843 473 3917 egenos
490 3834 691 3920 protegere,
710 3819 788 3920 paci
802 3834 839 3892 et
853 3819 954 3914 regni
964 3814 1162 3890 defensioni
1173 3814 1349 3887 insistere.

342 4044 368 4101 l.
380 4045 483 4100 Merito
495 4044 554 4102 tan
567 4053 597 4102 et
606 4041 654 4104 ed.
669 4042 770 4102 Germ.

344 4135 369 4192 l.
386 4135 467 4209 Quod
492 4133 621 4214 quinque
647 4133 735 4194 codd.
757 4145 787 4194 et
806 4131 853 4192 ed.
878 4131 980 4191 Germ.
1002 4133 1039 4188 at
1064 4131 1127 4203 qut,
1148 4120 1262 4202 melius,
1281 4120 1351 4183 edd.

300 4223 402 4288 cum.
412 4238 442 4287 et
457 4229 564 4288 bened.

347 4323 372 4383 t.
391 4321 498 4382 Desunt
518 4322 550 4382 in
565 4321 633 4384 eod.
648 4325 705 4383 5¹13
728 4321 778 4381 ille
802 4339 852 4382 sex
879 4318 980 4379 ultima
995 4313 1094 4376 rerba.
1108 4343 1150 4360 -
1162 4316 1222 4372 Aut
1241 4317 1267 4371 u·
1283 4311 1356 4390 quid

301 4414 441 4485 demut,
456 4416 529 4474 ntttt
544 4429 639 4476 tomen
652 4420 723 4476 utile
736 4419 891 4476 mulorum
904 4415 976 4474 dant
987 4411 1057 4472 edd.
1070 4407 1177 4470 Cbesn.
1195 4418 1225 4467 et
1244 4405 1355 4466 bened.
1485 4483 1486 4486 Ἴ

352 4507 379 4567 l.
392 4509 527 4570 Ecclesiae
539 4509 620 4572 deest
630 4509 660 4570 in
677 4509 745 4570 eod.
760 4510 870 4572 tatto.

1218 4609 1238 4668 t.
