3742 5667
455 788 529 848 SUR
548 785 619 847 8οΝ
640 784 959 845 Abstuttsmfflott
981 784 1196 843 totamm.
1296 784 1356 843 2⁰³

286 946 396 997 suam
421 946 503 1021 quae
522 919 655 993 dicittu
669 918 852 1009 Ruoilum,
879 942 964 991 cum
983 916 1217 1017 appendiciis,
1236 915 1357 1013 sigillis

286 1039 410 1113 aureis
425 1036 665 1113 confirmavit.
689 1035 782 1107 Hinc
795 1051 849 1109 est
863 1036 972 1108 etiam
987 1032 1087 1132 quod
1103 1034 1140 1105 in
1156 1031 1358 1107 solemnita-

287 1154 388 1229 tibus
398 1153 550 1227 diversis
560 1152 634 1227 fere
643 1151 833 1249 sexaginta,
850 1151 972 1249 magni
979 1166 1016 1223 et
1026 1149 1170 1223 honesti
1178 1150 1271 1222 cerei
1281 1174 1354 1242 sex,

288 1270 415 1370 quales
431 1271 518 1344 alibi
534 1271 572 1343 in
593 1268 742 1342 ecclesia
766 1283 828 1341 aut
846 1292 929 1341 raro
956 1282 1019 1339 aut
1038 1290 1226 1363 nunquam
1248 1290 1358 1365 appo·

288 1404 443 1481 nuntur,
455 1388 549 1461 circa
565 1384 664 1458 idem
675 1384 787 1458 altare
803 1384 1064 1459 accenduntur.
1079 1384 1172 1456 Hinc
1188 1398 1243 1456 est
1251 1382 1359 1457 etiam

289 1504 392 1603 quod
416 1503 583 1602 quotiens
601 1500 712 1573 altare
735 1498 832 1574 beati
854 1500 1029 1600 Dionysii,
1056 1501 1186 1574 totiens
1203 1514 1240 1573 et
1262 1499 1358 1574 idem

289 1621 404 1696 altare
418 1618 533 1693 nobili
549 1632 723 1718 apparatu
734 1617 944 1692 adornatur.

339 1740 496 1811 (numm
510 1736 618 1811 etiam
627 1735 830 1809 mirabilem
839 1735 1045 1834 quantitatis
1053 1758 1137 1823 suae,
1147 1759 1226 1833 quae
1240 1760 1360 1835 super·

290 1856 409 1955 posita
424 1869 479 1927 cst
493 1855 588 1927 inter
602 1852 712 1925 altare
733 1867 770 1925 et
782 1852 965 1925 tumulum
985 1850 1147 1949 ejusdem
1164 1851 1300 1943 Karoli,
1320 1854 1357 1924 in

294 1972 398 2069 cujus
429 1968 553 2043 medio
578 1970 674 2044 sama
703 1968 851 2041 retinuit
883 1967 1066 2042 confixum
1095 1968 1360 2042 nobilissimum

290 2086 428 2159 monile
448 2084 622 2159 Nantildis
640 2085 791 2181 reginae,
818 2084 941 2159 uxoris
965 2084 1163 2180 Dagoberti
1186 2085 1279 2180 regis
1301 2109 1360 2157 eo-

291 2201 405 2275 clesiae
431 2201 651 2290 fundatoris,
675 2200 773 2274 aliud
795 2224 882 2273 vero
907 2201 945 2272 in
963 2199 1119 2272 frontem
1142 2200 1256 2272 sancti
1277 2202 1361 2273 Dio

292 2318 382 2415 nysii
400 2316 536 2415 (tamen
552 2317 637 2389 huic
654 2316 788 2389 minori
805 2314 948 2389 nullum
971 2314 1200 2414 aequipollere
1219 2316 1359 2414 peritis·

292 2433 372 2505 simi
404 2432 558 2505 artifices
580 2432 788 2530 testantur),
807 2432 894 2529 erigi
931 2431 1095 2524 fecimus,
1128 2430 1283 2503 maxime
1308 2432 1357 2505 ob

292 2550 531 2625 reverentiam
549 2550 779 2623 sanctissimae
794 2548 886 2623 boiae
903 2548 1039 2639 ferree,
1052 2574 1144 2647 quae,
1160 2550 1197 2621 in
1215 2573 1359 2623 carcere

292 2665 461 2739 Glaucini
491 2666 728 2739 sacratissimo
759 2666 866 2739 collo
886 2665 983 2739 beati
1016 2665 1179 2762 Dionysii
1210 2666 1356 2758 innexa,

292 2778 434 2853 cultum
449 2796 486 2853 et
506 2780 775 2853 venerationem
798 2795 872 2853 tam
890 2804 910 2853 a
927 2780 1155 2880 nobisquam
1176 2779 1222 2853 ab
1239 2780 1358 2852 omni·

293 2894 364 2969 bus
380 2898 593 2995 promeruit.

342 3017 392 3084 Ea
405 3014 636 3112 etiamparte,
646 3014 759 3089 abbas
772 3012 985 3089 venerabilis
994 3012 1153 3087 Corbeiae
1169 3011 1274 3085 bonae
1286 3036 1360 3085 me·

293 3130 418 3204 moriae
441 3129 640 3222 Robertus,
657 3130 766 3229 hujus
798 3146 926 3203 sauctae
951 3129 1105 3203 ecclesiae
1124 3128 1304 3227 professus
1324 3143 1361 3201 et

294 3245 339 3319 ab
357 3245 508 3319 infantia
525 3247 693 3340 nutritus,
704 3271 811 3347 quem
832 3244 951 3320 eidem
965 3244 1359 3320 Corbeiensimouaste·

296 3364 349 3435 rio
365 3360 536 3435 abbatem
555 3388 706 3462 praeesse
723 3368 800 3437 Deo
819 3363 979 3438 donante
995 3360 1234 3450 exhibuimus,
1253 3358 1357 3432 tabu-

294 3478 366 3551 lam
396 3494 602 3577 argenteam
623 3480 759 3580 optime
785 3478 1006 3570 deauratam,
1022 3502 1090 3578 pro
1114 3476 1359 3573 recognitione

294 3595 527 3694 professionis
542 3620 614 3669 suae
634 3610 671 3669 et
693 3594 892 3667 multorum
917 3593 1071 3669 ecclesiae
1094 3592 1357 3666 beneficiorum

293 3712 490 3807 gratiarum
503 3712 656 3802 actione,
679 3711 755 3784 fieri
773 3711 884 3812 fecit„

342 3830 508 3899 XXXIV.
519 3826 679 3899 Chorum
695 3828 804 3899 etiam
820 3826 993 3914 fratrum,
1015 3848 1089 3923 quo
1104 3822 1208 3896 valde
1233 3846 1356 3919 grava·

293 3940 429 4014 bantur
444 3942 507 4039 qui
522 3943 661 4016 assidue
677 3942 833 4015 ecclesie
846 3939 1057 4013 insistebant
1071 3940 1229 4029 servitio,
1253 3939 1354 4035 frigi·

292 4058 406 4131 ditate
427 4061 618 4133 marmoris
642 4074 678 4133 et
700 4060 803 4159 cupri
822 4058 1078 4158 aliquantisper
1104 4055 1304 4149 infirmum,
1321 4058 1359 4130 in

293 4172 392 4247 banc
424 4200 503 4273 quae
532 4202 628 4249 nunc
651 4192 799 4276 apparet
820 4176 989 4266 formam,
1023 4173 1209 4246 laboribus
1231 4198 1359 4247 eorum

294 4292 563 4389 compatientes,
585 4294 814 4385 mutavimus,
838 4307 875 4366 et
889 4306 1041 4391 propter
1062 4305 1262 4364 conventus
1276 4315 1360 4385 aug-

294 4409 572 4501 mentationem,
596 4412 673 4482 Deo
702 4409 912 4499 auxiliante,
944 4421 1172 4503 augmentare
1196 4405 1359 4478 elabora-

295 4547 426 4595 vimus.
