3742 5667
428 797 589 857 sanson
610 798 926 859 Annlals'mfflott
945 801 1162 859 tonanter.
1265 802 1320 862 {⁹1

277 945 329 1003 ter
355 928 598 1024 roboraverat,
618 930 712 1003 inter
748 930 909 1005 Ecclesia
942 948 978 1005 et
1008 932 1106 1028 regni
1144 933 1322 1032 principes

278 1040 475 1115 solemniter
486 1041 679 1134 locaverat,
697 1042 744 1115 ad
759 1044 1005 1117 executionem
1019 1044 1138 1143 operis
1148 1067 1215 1116 nos
1227 1045 1322 1142 ipsos

278 1156 499 1249 contulimus,
515 1172 550 1231 et
568 1182 692 1231 cruces
703 1159 920 1233 collaterales
933 1159 1089 1232 ecclesiae
1103 1155 1150 1231 ad
1170 1156 1324 1232 sormam

276 1273 396 1374 prioris
419 1287 455 1345 et
479 1274 687 1371 posterioris
718 1275 837 1375 operis
871 1274 1109 1375 conjungendi
1139 1274 1255 1350 attolli
1287 1290 1325 1348 et

277 1387 486 1463 accumulari
497 1388 768 1465 decertavimus.

373 1651 498 1722 XXIX.
518 1655 575 1720 De
588 1652 849 1722 continuatione
872 1649 1054 1748 utriusque
1069 1652 1198 1748 operis.

317 1842 396 1941 Quo
409 1851 520 1945 sacto,
535 1876 619 1926 cum
630 1853 871 1951 quorumdam
886 1852 1114 1953 persuasione
1129 1853 1176 1926 ad
1191 1852 1321 1925 turrim

274 1968 451 2041 anterioris
465 1971 577 2068 partis
589 1972 877 2068 prosecutionem
886 1970 1046 2045 studium
1055 1985 1221 2044 nostrum
1233 1993 1321 2041 eon·

275 2083 478 2179 tulissemus,
494 2086 569 2183 jam
590 2087 628 2157 in
648 2087 758 2161 altera
772 2102 872 2187 parte
887 2104 1043 2187 peracta,
1073 2087 1206 2179 divina,
1231 2085 1322 2157 sicut

273 2200 452 2292 credimus,
471 2202 635 2275 voluntas
650 2203 695 2276 ad
710 2202 781 2275 hoc
793 2204 911 2303 ipsum
926 2230 993 2276 nos
1013 2204 1172 2296 retraxit,
1191 2217 1231 2273 ut
1246 2223 1321 2272 me·

274 2313 365 2387 diam
383 2316 537 2389 ecclesiae
554 2318 819 2412 testitudinem,
843 2344 953 2417 quarn
967 2318 1090 2393 dicunt
1106 2318 1240 2410 navim,
1257 2317 1314 2387 in·

272 2456 397 2505 novare
420 2446 458 2505 et
480 2435 622 2533 utrique
637 2437 809 2510 innovato
821 2438 922 2536 operi
938 2437 1162 2511 conformare
1176 2448 1212 2506 et
1223 2456 1317 2506 coae-

273 2572 373 2646 quare
384 2550 658 2645 aggrederemur
681 2579 689 2623 ε
706 2566 883 2627 reservata
898 2568 1018 2626 tamen
1031 2568 1319 2652 quantacumque

272 2667 425 2765 portione
442 2665 489 2739 de
503 2666 699 2766 parietibus
710 2670 877 2768 antiquis,
895 2668 1027 2769 quibus
1043 2692 1204 2742 summus
1226 2689 1315 2765 pon-

273 2781 346 2853 tilex
362 2784 538 2855 Dominus
561 2787 660 2857 lesus
676 2785 835 2858 Christus
860 2786 1067 2858 testimonio
1087 2785 1319 2882 antiquorum
1423 2775 1429 2783 ’

272 2898 474 2996 scriptorum
500 2924 649 2972 manum
664 2917 889 3001 apposuerat,
908 2917 947 2974 nt
965 2918 1000 2975 et
1016 2902 1169 2999 antiquae
1192 2918 1318 2971 conse-

273 3016 426 3088 crationis
442 3019 652 3110 reverentia,
671 3034 706 3091 et
722 3018 898 3093 moderno
919 3019 1022 3119 operi
1038 3020 1138 3115 juxta
1155 3032 1318 3089 tenorem

272 3146 416 3231 ooeptum
431 3158 590 3230 congrua
606 3136 818 3207 cohaerentia
832 3151 1045 3208 servaretur.
1061 3135 1170 3232 Cujus
1184 3134 1316 3204 immu-

273 3249 402 3322 tationis
426 3276 569 3324 summa
584 3250 660 3324 haec
677 3253 757 3343 fuit,
773 3251 887 3350 quod,
907 3253 936 3324 si
952 3250 1162 3350 interpolate
1178 3250 1216 3322 in
1231 3246 1316 3320 navi

270 3364 412 3439 eeclesiae
427 3368 615 3439 occasione
637 3367 791 3441 turrium
807 3382 984 3463 ageretur,
1006 3382 1067 3440 ant
1092 3362 1316 3465 temporibus

269 3480 388 3553 nostris
400 3498 463 3556 aut
479 3507 726 3556 successorum
741 3499 966 3575 nostrorum,
992 3480 1125 3554 tardius
1143 3495 1206 3553 aut
1222 3505 1316 3553 nun-

269 3616 365 3689 quam
388 3622 619 3699 quocumque
644 3600 857 3693 infortunio,
891 3600 982 3672 sicut
1006 3598 1220 3698 dispositum
1246 3613 1312 3693 est,

270 3708 500 3805 perficeretur.
527 3715 631 3788 Nulla
655 3716 752 3789 enim
783 3738 907 3788 rerum
922 3713 1175 3814 importunitas
1192 3736 1313 3786 rerum

271 3840 420 3899 auctores
439 3846 593 3927 urgeret,
621 3830 708 3929 quin
724 3832 810 3904 novi
826 3847 862 3905 ct
884 3831 1023 3930 antiqui
1041 3830 1160 3930 operis
1185 3829 1314 3928 copula

272 3937 401 4036 longam
416 3946 604 4018 sustineret
623 3948 918 4047 expectationem.
937 3946 1008 4019 Sed
1022 3946 1189 4046 quiajam
1206 3945 1315 4019 incoe·

271 4068 361 4152 ptum
380 4074 433 4131 est
450 4060 488 4131 in
504 4060 640 4135 alarum
657 4065 876 4155 extensione,
904 4078 967 4136 aut
987 4088 1051 4163 per
1077 4088 1143 4135 nos
1170 4077 1234 4135 aut
1247 4086 1313 4162 per

272 4192 350 4265 quos
372 4176 548 4249 Dominus
569 4178 727 4275 elegerit,
756 4180 835 4279 ipso
861 4179 1065 4272 auxiliante,
1091 4178 1309 4279 perficietur.
1433 4212 1444 4230 ·

271 4287 522 4365 Preteritorum
532 4294 628 4365 enim
636 4294 840 4367 recordatio
848 4295 1054 4368 futurorum
1063 4310 1117 4367 est
1123 4293 1310 4368 exhibitio.

269 4408 329 4493 Qui
343 4410 438 4483 enim
461 4412 555 4484 inter
582 4412 651 4483 alia
665 4412 801 4510 majora
819 4414 928 4487 etiam
946 4412 1239 4486 admirandarum
1256 4411 1311 4524 vi·

267 4534 409 4599 treanrm
425 4528 622 4624 operarios,
635 4529 820 4609 materiem
836 4529 1064 4630 saphirorum
1078 4528 1308 4627 locupletem,
