3742 5667
478 809 536 866 tts
695 803 860 861 tuuvuas
879 787 1094 859 consueras
1112 801 1164 858 na
1185 801 1322 863 suesti.

478 950 638 1003 seruantes
650 951 683 1000 et
695 932 866 1016 imitantes,
878 931 1018 1022 signiferi
1028 932 1114 1018 jure,
1132 932 1213 996 sieut
1223 930 1357 998 comites
1370 928 1538 996 vilcassini

479 1033 563 1102 soliti
577 1050 679 1119 erant,
696 1030 946 1122 suscepimus...

522 1141 640 1204 Actum
654 1134 794 1200 Parisios
810 1133 951 1226 publice,
967 1157 1054 1200 anno
1068 1133 1225 1200 incarnati
1238 1133 1335 1200 Verbi
1354 1133 1535 1214 mcxxtv,

478 1237 569 1328 regni
583 1237 683 1304 nostri
693 1237 814 1318 XVIII,
830 1233 993 1302 Adelaidis
1004 1237 1052 1316 X,
1069 1235 1167 1301 eto.¹.

742 1597 800 1645 nt.
824 1595 981 1644 oremus
1007 1595 1053 1642 us
1073 1595 1175 1643 coms
1205 1593 1272 1654 nu,3

476 1893 519 1948 Le
529 1891 572 1944 roi
589 1881 707 1942 concede
721 1887 845 1940 saraias
864 1884 954 1940 droits
971 1880 1133 1958 ermom
1149 1885 1186 1939 de
1198 1886 1410 1954 Salat-Derris,
1430 1883 1451 1941 ὰ
1467 1880 1486 1940 1⁴
1487 1903 1540 1940 oe·

584 1983 678 2036 cesion
691 1977 728 2033 de
743 1979 772 2033 ln
783 1977 918 2034 dedicare
929 1977 966 2032 de
979 1972 1090 2055 [eglise
1098 1979 1243 2035 restauree
1255 1997 1313 2052 pur
1323 1980 1424 2054 sager.

520 2219 557 2284 In
573 2214 706 2282 nomine
719 2229 836 2282 sancte
847 2229 881 2280 et
892 2213 1063 2280 individue
1071 2210 1249 2280 Trinitatis.
1261 2213 1333 2303 Ego
1342 2212 1537 2294 bodonicus,

476 2319 536 2388 Dei
551 2318 663 2410 gratia,
678 2341 736 2384 rex
749 2319 947 2384 Francorum
962 2334 996 2383 et
1012 2317 1077 2383 dux
1091 2317 1382 2407 Aquitanorum....

518 2421 588 2490 Nos
612 2421 710 2513 igitur
738 2443 812 2486 cum
842 2437 875 2485 et
906 2419 976 2486 aliis
1008 2421 1105 2512 longe
1131 2419 1259 2508 lateque
1289 2417 1444 2500 ecclesiis,
1468 2433 1537 2485 tum

473 2523 625 2615 precipue
650 2521 752 2590 nobili
780 2520 977 2590 monasterio
1000 2539 1050 2590 ter
1072 2520 1161 2589 beati
1183 2520 1329 2611 Dionysii
1357 2520 1538 2588 sociorum·

474 2649 536 2715 que
560 2625 627 2711 ejus
648 2623 839 2715 propensius
859 2623 1074 2704 attendentes,
1097 2648 1136 2689 eo
1161 2624 1302 2714 primum
1329 2621 1447 2689 affectu
1472 2647 1539 2712 quo

474 2743 579 2794 toturn
609 2749 746 2817 regnum
775 2743 919 2794 nostrum
946 2745 1033 2795 sorte
1062 2726 1237 2818 apostolica
1267 2725 1441 2816 suscipiens
1469 2728 1539 2792 Do-

472 2833 562 2900 mino
587 2835 656 2900 Deo
684 2833 806 2924 proprii
829 2834 992 2926 sauguinis
1019 2832 1175 2900 effusione
1198 2834 1350 2914 restituit,
1380 2857 1419 2898 eo
1439 2832 1539 2900 etiam

473 2961 538 3029 qno
568 2938 597 3002 ei
625 2953 843 3004 antecessores
877 2937 979 3004 nostri
1012 2936 1230 3004 benivolentia
1260 2951 1293 3002 et
1323 2934 1539 3002 familiaritate

472 3037 682 3108 confederati
705 3056 791 3122 sunt,
819 3041 889 3128 qui,
920 3065 994 3106 eum
1019 3041 1121 3106 multa
1147 3039 1177 3106 ei
1201 3039 1409 3120 contulerint,
1436 3040 1539 3108 multo

475 3144 602 3230 majora
620 3163 681 3231 per
705 3139 808 3232 ipsum
833 3139 1044 3233 receperunt3
1071 3141 1114 3208 ad
1144 3141 1288 3232 ipsorum
1318 3139 1538 3208 sanctissimo·

476 3265 551 3309 rum
575 3241 757 3331 Martyrum
781 3241 918 3308 basilicae
944 3242 1196 3324 dedicationem,
1219 3267 1291 3334 quse
1313 3245 1348 3309 in
1371 3266 1456 3310 novo
1480 3267 1538 3310 ec-

475 3343 578 3412 clesie
598 3359 784 3434 augmento,
812 3341 846 3409 iu
871 3346 998 3436 capitali
1026 3346 1171 3413 videlicet
1198 3363 1302 3436 parte,
1331 3345 1540 3413 celeberrime

474 3448 558 3513 facta
576 3463 641 3526 est,
664 3469 738 3512 cum
764 3449 900 3539 conjuge
926 3465 1035 3515 nostra
1063 3448 1238 3516 Alienorde
1267 3449 1378 3540 regina
1408 3464 1442 3515 et
1467 3449 1540 3540 plu-

476 3547 558 3614 rimo
581 3547 774 3614 obtimatum
797 3565 983 3617 nostrorum
1004 3551 1158 3619 comitatu
1176 3551 1446 3619 acceleravimus:
1467 3553 1539 3636 ubi,

475 3673 550 3718 oum
572 3666 648 3742 post
670 3649 768 3741 ipsius
786 3651 926 3719 ecclesiae
951 3655 1226 3721 consecrationem
1249 3652 1290 3720 ad
1317 3652 1426 3720 locum
1455 3653 1540 3720 anti-

477 3776 590 3845 quum,
609 3756 643 3819 in
662 3777 727 3845 quo
740 3754 909 3846 peculiaris
926 3759 1054 3848 patroni
1065 3758 1178 3838 nostri,
1199 3757 1374 3823 beatissimi
1395 3755 1542 3824 uidelicet

478 3858 642 3950 Dionysii,
669 3861 802 3948 ejusque
828 3857 987 3924 sociorum
1015 3883 1103 3925 sacra
1119 3882 1254 3950 corpora
1281 3858 1540 3938 continebantur,

477 3984 552 4026 cum
576 3959 889 4050 archiepiscoporum
915 3978 949 4027 et
973 3964 1198 4052 episcoporum
1219 3960 1360 4053 plurimo
1382 3977 1542 4027 conventu

478 4062 733 4144 accessissemus,
757 4060 874 4152 apertis
893 4062 1015 4130 scriniis
1031 4063 1241 4156 extractisque
1265 4088 1303 4130 ao
1321 4061 1460 4155 propriis
1478 4063 1542 4129 hu-

478 4170 575 4236 meris
590 4192 650 4261 per
662 4168 766 4260 ipsam
781 4167 946 4235 ecclesiam
971 4169 1157 4260 deportatis,
1179 4169 1214 4236 in
1230 4170 1303 4238 loco
1317 4167 1543 4262 gloriosissime

520 4453 550 4509 l.
567 4451 610 4507 Ex
622 4448 698 4527 orig.
711 4447 823 4522 charta,
839 4450 929 4510 Arch.
945 4449 1395 4531 lmp.,1tta‚n04.-uetib„
1411 4448 1540 4531 probat,

481 4558 511 4618 p.
528 4557 609 4598 xuu.
624 4569 662 4583 -
678 4537 789 4600 Tardis.
801 4542 882 4599 Mon.
897 4539 977 4600 laist..
990 4559 1011 4599 n
1026 4542 1095 4602 ³91.
