3742 5667
493 729 553 787 ret
713 722 875 783 (numus
895 709 1110 783 conaturus
1129 724 1180 781 na
1198 723 1332 786 suoru.

494 857 673 933 canonicis
699 853 968 947 decedentibus,
999 870 1073 927 tam
1093 880 1114 926 a
1131 854 1408 952 Rothomagensi
1426 855 1555 929 archi·

492 976 658 1075 episcopo
682 976 829 1070 Hugone
858 994 969 1069 qnam
991 996 1013 1044 a
1041 972 1190 1046 domino
1215 996 1297 1069 rege
1326 977 1555 1045 Francorum

494 1089 674 1163 Ludovioo
698 1088 859 1160 obtinere
880 1085 1140 1160 elaboravimus
1161 1113 1170 1159 z
1193 1112 1333 1161 necnon
1354 1102 1392 1161 et
1411 1085 1558 1160 duode-

494 1206 566 1279 cim
590 1204 715 1277 narres
742 1227 826 1276 cum
851 1202 1045 1276 tredecimo
1072 1203 1205 1301 priore,
1223 1201 1269 1276 ad
1296 1202 1556 1276 exaltationem

494 1318 653 1417 ejusdem
661 1318 815 1390 ecclesiae
830 1332 867 1390 et
881 1318 994 1390 divini
1002 1317 1119 1391 cultus
1131 1318 1438 1416 propagationem,
1447 1340 1557 1391 reve·

495 1450 615 1509 rentcr
631 1434 837 1523 locavimus,
863 1448 899 1505 et
913 1432 1266 1505 eandemcoclesiam
1281 1430 1327 1505 ab
1343 1432 1472 1506 eodem
1487 1456 1554 1505 re-

495 1550 650 1625 verendo
667 1550 934 1649 archiepiscopo
945 1549 1160 1638 consecrari,
1172 1564 1208 1622 et
1223 1563 1305 1622 ante
1316 1573 1396 1621 eam
1412 1550 1557 1623 cimite-

495 1668 592 1739 rium
625 1663 803 1756 benedici,
844 1667 922 1737 Deo
963 1678 1156 1754 annuente,
1181 1661 1415 1739 obtinuimus.
1458 1668 1557 1753 Quae

496 1779 672 1879 siquidem
693 1803 787 1852 nova
807 1780 908 1877 quasi
924 1778 1046 1853 nobile
1063 1776 1267 1852 membrum
1284 1780 1391 1878 capiti
1405 1804 1472 1853 sno
1487 1804 1555 1852 ec·

497 1897 609 1970 clesiae
624 1895 720 1968 beati
735 1894 894 1994 Dionysii
920 1894 1098 1993 copulata,
1123 1908 1256 1992 quanto
1283 1895 1557 1968 transeuntibus

497 2008 756 2085 successoribus
778 2010 908 2083 nostris
931 2034 953 2085 a
973 2011 1168 2084 vilcassino
1200 2009 1247 2083 ad
1276 2011 1552 2101 Normanniam,

498 2125 554 2198 vel
562 2126 670 2199 etiam
678 2150 746 2225 pro
758 2126 1027 2199 conservatione
1038 2126 1257 2224 reliquarum
1270 2125 1554 2223 possessionum,

498 2242 535 2313 in
549 2240 678 2313 eodem
694 2264 786 2339 pago
798 2239 1071 2313 demorantibus
1083 2254 1165 2339 apta
1180 2240 1254 2313 sive
1267 2239 1396 2313 idonea
1407 2240 1552 2330 existit,

499 2369 599 2428 tanto
617 2354 663 2427 de
688 2356 840 2455 propriis
871 2358 925 2429 nt¹
950 2355 996 2427 de
1022 2354 1201 2453 acquisitis
1223 2378 1303 2428 eam
1330 2354 1555 2453 locupletare

499 2484 668 2569 tanquam
693 2494 826 2543 novam
859 2470 1019 2569 plantam
1043 2485 1081 2543 et
1103 2467 1293 2543 contovere
1311 2470 1391 2567 jure
1422 2469 1555 2542 decer-

498 2585 600 2659 tabit.
616 2585 797 2659 Fratribus
810 2611 897 2659 vero
914 2584 1050 2658 ibidem
1061 2586 1139 2658 Deo
1155 2582 1449 2678 deservientibus,
1467 2584 1555 2683 quia

500 2703 612 2775 vineis
631 2716 748 2798 egent,
772 2700 819 2774 de
839 2700 987 2775 decimis
1008 2726 1096 2800 quas
1118 2700 1222 2773 nobis
1238 2700 1337 2774 dedit
1349 2725 1410 2773 rex
1430 2698 1554 2773 Ludo-

499 2819 598 2890 vicus
612 2817 709 2916 apud
727 2818 948 2913 Cergiacnm,
967 2840 1186 2915 unoquoque
1200 2840 1296 2889 anno
1324 2817 1449 2911 viginti
1470 2839 1553 2887 mo-

502 2931 582 3005 dios
599 2933 691 3024 vini,
709 2931 805 3005 etde
825 2932 964 3005 decima
986 2956 1094 3029 quam
1109 2956 1177 3004 nos
1192 2932 1442 3030 acquisivimus
1454 2928 1556 3030 apud

501 3044 746 3144 ablegiacum¹
761 3046 988 3120 medietatem
1005 3046 1309 3122 confirmavimus.

798 3297 923 3368 XXlIl.
943 3298 999 3365 De
1013 3292 1218 3365 Bernevalle
1228 3295 1253 3367 ⁸.

551 3501 589 3571 ln
614 3522 655 3570 ea
676 3512 796 3570 autem
816 3522 894 3595 quae
914 3497 1045 3570 dicitur
1075 3496 1285 3571 Bernevallis
1308 3496 1551 3597 possessione,

500 3638 607 3708 super
624 3613 851 3686 Normannici
870 3612 969 3685 littus
987 3611 1108 3703 maris,
1126 3612 1162 3683 in
1177 3636 1249 3711 qua
1269 3612 1378 3685 etiam
1397 3613 1555 3710 primam

499 3728 649 3826 alicujus
659 3728 897 3827 praepositurae
913 3726 960 3800 ab
975 3742 1197 3800 antecessore
1214 3752 1296 3799 meo
1309 3728 1450 3825 suscepi
1466 3726 1552 3798 obe·

501 3844 683 3933 dientiam,
708 3867 816 3940 quam
836 3844 941 3915 etiarn
962 3842 1179 3940 intempore
1205 3842 1441 3913 strenuissimi
1462 3841 1553 3937 regis

499 3959 651 4047 Henrici,
662 3959 868 4031 adhucsatis
877 3957 1032 4055 juvenis,
1045 3955 1091 4028 ab
1105 3957 1335 4056 oppressione
1346 3971 1552 4029 exactorum

498 4075 693 4171 regiorum,
708 4098 800 4172 quos
814 4071 939 4145 dicunt
956 4070 1157 4167 graffiones,
1175 4071 1291 4145 multo
1311 4072 1438 4145 labore
1460 4070 1555 4143 mul·

543 4355 573 4411 l.
588 4354 641 4409 Vel
650 4348 699 4412 ed.
711 4348 900 4409 Chasa-2.
912 4350 995 4405 Nunc
1008 4345 1141 4425 Ableiger
1149 4346 1395 4429 (Setae-ervire).

544 4446 573 4506 3.
594 4442 703 4504 Nostris
715 4446 854 4505 Bemeval
865 4440 1158 4522 (Scine-Infirmata).
