3742 5667
788 821 966 879 ouantes.
1348 819 1406 878 3le

400 955 437 1022 S.
465 948 653 1025 Christiani
673 951 877 1025 sacerdotis.
897 956 934 1024 S.
955 947 1125 1022 lobannis
1140 947 1345 1023 sacerdotis.
1368 951 1406 1023 S.

348 1067 515 1140 Garnevii
538 1067 743 1140 sacerdotis.

401 1186 437 1255 S.
458 1183 630 1254 lobannis
653 1179 808 1256 diaconi.
831 1184 868 1254 S.
884 1178 1080 1254 Theobaldi
1103 1179 1258 1254 diaconi.
1281 1181 1317 1252 S.
1338 1183 1409 1252 Hu-

350 1299 452 1398 gonis
472 1297 626 1371 diaconi.

400 1417 437 1488 S.
465 1413 644 1513 Rodulphi
657 1413 879 1488 subdiaconi.
898 1415 934 1488 S.
951 1412 1105 1485 bernerii
1128 1410 1352 1484 subdiaconi.
1369 1415 1407 1485 S.

353 1530 445 1603 Petri
462 1529 684 1604 subdiaconi.

400 1648 437 1717 S.
468 1645 614 1718 Ernaldi
638 1645 753 1744 pueri.
785 1648 822 1720 S.
850 1644 1016 1720 Widonis
1041 1645 1156 1746 pueri.
1189 1646 1225 1716 S.
1256 1642 1409 1744 Philippi

352 1761 483 1860 pueri¹.

861 2148 896 2196 Χ.

353 2411 443 2492 sager
448 2413 543 2488 prend
554 2413 718 2489 differentes
730 2414 911 2488 disposition
914 2431 988 2489 pour
996 2414 1149 2470 omeliam
1157 2415 1187 2470 la
1199 2413 1338 2472 condition
1350 2431 1411 2472 ma·

392 2508 500 2563 te'rr'elte
513 2507 563 2565 des
573 2509 729 2584 religieux,
741 2507 791 2564 des
803 2507 932 2563 maiades
948 2526 983 2562 oa
994 2507 1044 2562 das
1058 2526 1190 2582 pauvres,
1207 2519 1359 2585 magmenta
1368 2509 1411 2563 les

391 2620 504 2660 reversus
522 2603 573 2659 des
587 2602 683 2678 astices
700 2605 738 2659 de
757 2600 896 2660 clevecr'er
915 2614 945 2659 ct
959 2599 1141 2678 d'infitmr'er,
1159 2615 1187 2660 et
1206 2605 1359 2661 reneuvelle
1375 2619 1410 2659 cn

391 2689 479 2752 meme
486 2707 576 2771 temps
586 2693 762 2774 lolltgatt'on
775 2697 811 2754 de
821 2693 947 2753 celebrer
958 2699 1185 2754 solennellement
1198 2695 1410 2755 l'annr'versat're

391 2787 603 2866 del'empmur
613 2791 733 2851 Clarles
751 2794 776 2847 le
791 2789 915 2861 Claave,
934 2788 1108 2868 biensuiteur
1121 2787 1308 2858 del'abloese.

779 2948 862 3022 (Vera
881 2944 972 3026 ttto)

399 3135 439 3204 lu
461 3135 609 3208 nominc
624 3135 736 3208 Patris
750 3149 786 3207 et
809 3135 888 3206 Filii
906 3149 943 3206 et
958 3133 1110 3233 Spiritus
1125 3133 1249 3206 sancti.
1279 3133 1405 3208 Amen.

352 3239 530 3343 Sugmini,
549 3252 645 3324 Beati
660 3251 819 3349 Dionysii
837 3248 962 3340 abbas,
981 3249 1046 3322 Dei
1062 3248 1320 3346 omnipotentis
1339 3273 1411 3323 scr·

352 3362 437 3435 vitio
468 3368 677 3464 mancipatis
707 3364 909 3465 providere,
940 3363 1081 3436 labores
1107 3377 1142 3436 et
1174 3367 1409 3437 certaminum

351 3476 500 3551 sudores
523 3479 809 3578 quibuscumque
831 3503 894 3551 seu
913 3477 1150 3576 spiritualium
1173 3503 1236 3551 seu
1263 3493 1409 3577 tempo-

350 3591 479 3665 ralium
504 3593 671 3668 remediis
690 3595 868 3685 alleviare,
883 3591 1109 3680 victualibus,
1125 3617 1171 3665 ne
1192 3591 1359 3667 deficiant
1369 3595 1407 3666 in

351 3706 418 3797 via,
432 3724 642 3802 sustentare,
659 3735 744 3783 cum
759 3708 928 3784 omnibus
942 3708 1122 3799 fidelibus,
1138 3721 1217 3780 tum
1234 3709 1408 3808 praecipue

351 3822 502 3919 prolatis
510 3826 685 3918 Ecclesia,
701 3850 824 3900 coram
839 3828 916 3898 Deo
931 3839 967 3897 et
981 3823 1174 3897 honestum
1187 3837 1223 3894 et
1244 3823 1330 3896 utile
1350 3847 1408 3896 ar·

348 3933 537 4012 bitramur.
556 3940 619 4014 llis
639 3939 817 4040 siquidem
835 3941 1013 4037 signatum
1029 3954 1094 4029 cst,
1110 3939 1267 4011 Domino
1286 3939 1408 4038 praci-

349 4052 482 4151 piente,
499 4054 685 4152 quomodo
699 4057 890 4131 confovere
905 4071 943 4128 et
958 4069 1146 4150 contegere
1164 4079 1227 4127 eos
1245 4069 1409 4154 oporteat

349 4165 492 4242 bovinis
513 4185 551 4245 et
572 4173 726 4246 vaccinis
740 4173 849 4247 coriis
869 4177 999 4245 Arcam
1024 4170 1167 4244 loedcris
1183 4171 1343 4262 Domini,
1361 4169 1408 4242 ad

390 4362 419 4420 l.
435 4363 478 4420 lla
492 4357 623 4426 merul.
637 4360 704 4424 slbo
715 4364 747 4423 S.
760 4359 891 4439 Dionysii
908 4357 1040 4441 (Archiv.
1057 4357 1324 4440 lmp.‚t.1.tttt),
1340 4369 1361 4420 t.
1380 4362 1406 4433 1,

350 4470 381 4531 p.
398 4455 449 4514 Sl.
466 4485 507 4501 -
519 4453 623 4528 nubi„
636 4475 667 4536 p.
683 4459 753 4518 8⁶2.
779 4487 820 4504 -
841 4453 962 4527 chesn„
977 4453 1028 4527 lv,
1048 4457 1117 4514 tta.
1140 4484 1180 4502 -
1198 4451 1305 4528 velih,
1332 4451 1408 4515 inter

350 4543 546 4626 probationes,
557 4569 590 4629 p.
605 4569 645 4610 or.
816 4578 821 4587 ·
