3742 5667
762 757 826 814 Vlli
845 757 895 814 DE
915 756 1050 818 SUGER.
1369 757 1428 816 393

372 910 410 958 se
426 883 603 958 fatebatur·
618 885 783 982 sparsisse
796 886 959 980 negotiis.
980 883 1096 958 lnlrac
1112 887 1231 983 itaque
1247 885 1346 958 boris
1357 885 1426 961 sibi

372 1001 475 1073 licitis
504 999 648 1072 lectioni
683 999 841 1091 vacabat,
867 1013 903 1072 et
934 998 1099 1096 lacrymis
1123 1000 1179 1072 vel
1206 1001 1425 1101 contempla-

372 1117 473 1188 tioni.
487 1119 526 1186 ln
544 1115 611 1188 huo
626 1115 839 1188 secularium
855 1115 991 1188 vitabat
1001 1115 1213 1189 tumultum¹
1230 1115 1428 1190 etdeclina·

372 1229 435 1304 bat
465 1231 712 1328 frequentiam.
737 1231 802 1322 lbi,
826 1231 918 1304 sicut
938 1229 985 1303 de
1006 1232 1169 1330 Sapiente
1197 1218 1426 1322 dictumest,

372 1371 558 1444 nunquam
585 1347 704 1417 minus
730 1345 840 1417 solus'
865 1361 955 1438 erat,
982 1371 1091 1443 quam
1111 1370 1196 1417 cum
1216 1345 1313 1418 solus
1328 1361 1425 1419 erat:

372 1461 543 1558 quoniam
559 1461 605 1532 ad
622 1461 778 1560 optimos
791 1484 966 1559 quosque,
985 1485 1215 1558 quocumque
1228 1459 1361 1533 suerint
1379 1486 1431 1533 se-

372 1577 468 1666 culo,
478 1577 640 1648 animum
654 1575 843 1648 mittebar.
859 1579 951 1648 Cum
965 1575 1022 1647 bis
1037 1575 1090 1648 illi
1101 1576 1335 1673 colloquium,
1344 1600 1428 1648 cum

372 1691 428 1764 his
458 1692 617 1763 studium
636 1706 725 1763 erat.
744 1691 808 1762 llic
825 1689 875 1764 illi
898 1691 1094 1788 quiescenti
1116 1715 1183 1790 pro
1211 1690 1333 1790 pluma
1353 1704 1430 1761 erat

372 1804 487 1904 palea,
502 1829 570 1904 pro
596 1804 744 1877 mollitie
769 1805 833 1876 lini
855 1805 1149 1878 substernebatur
1169 1806 1271 1879 lanea
1299 1828 1429 1904 parum

371 1921 460 1994 levis
475 1921 574 2014 laena,
587 1946 665 2018 quae
678 1921 833 1995 interdiu
845 1921 1004 1995 honestis
1019 1921 1228 2017 tegebantur
1235 1920 1425 2020 tapetibus.

372 2035 465 2108 lllud
486 2037 657 2110 lectorem
669 2061 876 2129 ammoneo,
892 2062 952 2110 me
964 2036 1079 2110 multa
1094 2039 1275 2137 praeterire
1294 2038 1341 2112 de
1358 2039 1429 2110 vir-

374 2165 492 2224 tutum
507 2176 671 2244 numero,
690 2153 778 2225 dum
799 2150 924 2224 studeo
951 2152 1132 2243 brevitati,
1157 2154 1251 2226 etad
1264 2154 1302 2226 id
1329 2154 1428 2252 quod

375 2291 433 2338 me
448 2266 555 2366 paulo
568 2269 731 2366 superius
749 2268 954 2368 promisisse
967 2270 1113 2345 memini
1125 2269 1284 2344 breviter
1305 2294 1426 2343 narra·

373 2393 472 2452 turus
487 2379 659 2454 accelero.

760 2797 859 2848 Idm
881 2797 1037 2852 merus.

422 3062 473 3132 lio
484 3058 590 3154 igitur
601 3073 777 3158 tempore,
793 3082 867 3156 quo
881 3057 1193 3131 christianissimus
1209 3042 1449 3130 Francorum'

375 3199 436 3247 rex
460 3173 664 3245 Ludovicus
683 3196 827 3245 crucem
851 3188 932 3273 post
950 3174 1146 3246 Dominum
1171 3173 1335 3270 bajulans
1350 3173 1431 3246 llic·

373 3289 590 3386 rosolymam
606 3286 785 3387 profectus
802 3305 868 3380 est,
885 3289 1015 3361 initum
1028 3303 1081 3360 est
1094 3313 1115 3360 a
1130 3287 1361 3388 pontificibus
1373 3314 1429 3362 re·

375 3406 433 3500 gni
458 3404 515 3478 vel
535 3405 744 3504 proceribus
767 3404 929 3501 generale
957 3403 1176 3490 consilium‘,
1195 3428 1278 3475 cum
1294 3405 1431 3502 potissi·

376 3545 476 3594 mum
490 3545 532 3592 es
544 3519 777 3620 optimatibus
792 3519 848 3592 vel
864 3520 1025 3619 personis
1044 3517 1288 3591 ecclesiasticis
1307 3543 1427 3592 rerum

375 3659 552 3708 summam
579 3651 614 3708 et
636 3637 735 3731 regni
762 3650 945 3734 oporteret
971 3635 1148 3706 committi
1173 3634 1425 3732 gubernacula.

378 3755 593 3849 Factumque
607 3765 672 3842 est,
685 3751 885 3824 Divinitatis
896 3751 1065 3823 instinctu
1078 3804 1089 3840 ,
1104 3764 1145 3823 ut
1160 3751 1323 3822 omnium
1339 3774 1428 3823 una·

375 3867 482 3940 nimis
497 3868 534 3938 in
545 3867 642 3940 bunc
657 3867 774 3939 virum
786 3866 979 3964 gloriosum
1002 3867 1209 3939 conveniret
1221 3868 1396 3940 sententia
1415 3897 1425 3956 ;

377 3980 613 4082 invitumque'
648 3982 751 4058 illum
789 4007 829 4056 ac
869 3983 954 4054 satis
978 3983 1192 4057 renitentem
1224 3983 1428 4084 reipublice

415 4227 446 4286 l.
463 4229 607 4285 iltmultus
619 4225 687 4286 edd.
711 4259 752 4272 -
771 4229 801 4286 2.
814 4228 894 4286 Solus
905 4223 987 4286 deest
999 4223 1028 4286 in
1043 4225 1111 4288 edd.

417 4322 447 4380 3.
463 4318 628 4378 tetendebat
639 4320 707 4380 edd.

417 4423 445 4481 l.
461 4419 507 4480 Sic
517 4420 583 4482 cod.
598 4424 858 4485 ms.—Concr'tr'um
870 4419 939 4483 edd.
957 4425 1019 4481 Hoc
1031 4422 1085 4482 luit
1095 4420 1239 4502 stampis,¹
1248 4440 1324 4482 anno
1338 4425 1429 4483 tttt.

418 4519 449 4578 s.
462 4519 649 4594 lacteumque,
663 4516 811 4591 mendose,
826 4517 874 4578 ed.
888 4514 1039 4586 Felibieni.
