<?xml version="1.0" encoding="UTF-8"?>
<!DOCTYPE html PUBLIC "-//W3C//DTD XHTML 1.0 Transitional//EN"
    "http://www.w3.org/TR/xhtml1/DTD/xhtml1-transitional.dtd">
<html xmlns="http://www.w3.org/1999/xhtml" xml:lang="en" lang="en">
 <head>
  <title>
</title>
<meta http-equiv="Content-Type" content="text/html;charset=utf-8" />
  <meta name='ocr-system' content='tesseract 3.04.00' />
  <meta name='ocr-capabilities' content='ocr_page ocr_carea ocr_par ocr_line ocrx_word'/>
</head>
<body>
  <div class='ocr_page' id='page_1' title='image "./oeuvrescompltes00sugegoog_0265.png"; bbox 0 0 3742 5667; ppageno 0'>
   <div class='ocr_carea' id='block_1_1' title="bbox 451 840 1362 917">
    <p class='ocr_par' dir='ltr' id='par_1_1' title="bbox 451 840 1362 917">
     <span class='ocr_line' id='line_1_1' title="bbox 451 840 1362 917; baseline 0.009 -8"><span class='ocrx_word' id='word_1_1' title='bbox 451 854 502 909; x_wconf 81' lang='lat' dir='ltr'>nr</span> <span class='ocrx_word' id='word_1_2' title='bbox 522 854 572 910; x_wconf 81' lang='lat' dir='ltr'>m</span> <span class='ocrx_word' id='word_1_3' title='bbox 592 840 870 911; x_wconf 71' lang='lat' dir='ltr'>cousrcuarrou</span> <span class='ocrx_word' id='word_1_4' title='bbox 889 856 938 911; x_wconf 79' lang='lat' dir='ltr'>mr</span> <span class='ocrx_word' id='word_1_5' title='bbox 960 856 1205 914; x_wconf 71' lang='lat' dir='ltr'>salter-neme.</span> <span class='ocrx_word' id='word_1_6' title='bbox 1306 860 1362 917; x_wconf 77' lang='lat' dir='ltr'>eat</span> 
     </span>
    </p>
   </div>
   <div class='ocr_carea' id='block_1_2' title="bbox 301 983 1365 1201">
    <p class='ocr_par' dir='ltr' id='par_1_2' title="bbox 301 983 1365 1201">
     <span class='ocr_line' id='line_1_2' title="bbox 301 983 1365 1087; baseline 0.008 -34"><span class='ocrx_word' id='word_1_7' title='bbox 301 1007 446 1055; x_wconf 77' lang='lat' dir='ltr'>nones</span> <span class='ocrx_word' id='word_1_8' title='bbox 479 983 670 1075; x_wconf 88' lang='lat' dir='ltr'>accidenti,</span> <span class='ocrx_word' id='word_1_9' title='bbox 700 986 790 1057; x_wconf 90' lang='lat' dir='ltr'>sicut</span> <span class='ocrx_word' id='word_1_10' title='bbox 823 986 867 1059; x_wconf 93' lang='lat' dir='ltr'>de</span> <span class='ocrx_word' id='word_1_11' title='bbox 888 985 1020 1058; x_wconf 89' lang='lat' dir='ltr'>talibus</span> <span class='ocrx_word' id='word_1_12' title='bbox 1038 986 1201 1084; x_wconf 87' lang='lat' dir='ltr'>judicant</span> <span class='ocrx_word' id='word_1_13' title='bbox 1226 992 1288 1087; x_wconf 92' lang='lat' dir='ltr'>qui</span> <span class='ocrx_word' id='word_1_14' title='bbox 1312 990 1365 1063; x_wconf 92' lang='lat' dir='ltr'>illi</span> 
     </span>
     <span class='ocr_line' id='line_1_3' title="bbox 302 1101 983 1201; baseline 0.007 -30"><span class='ocrx_word' id='word_1_15' title='bbox 302 1101 539 1173; x_wconf 88' lang='lat' dir='ltr'>consentiunt</span> <span class='ocrx_word' id='word_1_16' title='bbox 556 1116 671 1193; x_wconf 81' lang='lat' dir='ltr'>sectae,</span> <span class='ocrx_word' id='word_1_17' title='bbox 698 1101 865 1175; x_wconf 90' lang='lat' dir='ltr'>videlicet</span> <span class='ocrx_word' id='word_1_18' title='bbox 882 1103 983 1201; x_wconf 93' lang='lat' dir='ltr'>quod</span> 
     </span>
    </p>
   </div>
   <div class='ocr_carea' id='block_1_3' title="bbox 467 1263 1288 1441">
    <p class='ocr_par' dir='ltr' id='par_1_3' title="bbox 467 1263 1288 1441">
     <span class='ocr_line' id='line_1_4' title="bbox 867 1263 1224 1347; baseline 0.003 -24"><span class='ocrx_word' id='word_1_19' title='bbox 867 1263 950 1325; x_wconf 87' lang='lat' dir='ltr'>Foris</span> <span class='ocrx_word' id='word_1_20' title='bbox 968 1265 1078 1324; x_wconf 86' lang='lat' dir='ltr'>ineerta</span> <span class='ocrx_word' id='word_1_21' title='bbox 1092 1277 1224 1347; x_wconf 87' lang='lat' dir='ltr'>vagatur,</span> 
     </span>
     <span class='ocr_line' id='line_1_5' title="bbox 467 1359 1288 1441; baseline 0.005 -22"><span class='ocrx_word' id='word_1_22' title='bbox 467 1362 593 1439; x_wconf 82' lang='lat' dir='ltr'><strong>Fertque</strong></span> <span class='ocrx_word' id='word_1_23' title='bbox 604 1360 749 1440; x_wconf 81' lang='lat' dir='ltr'>refertque</span> <span class='ocrx_word' id='word_1_24' title='bbox 764 1359 853 1441; x_wconf 88' lang='lat' dir='ltr'>vices,</span> <span class='ocrx_word' id='word_1_25' title='bbox 866 1374 896 1423; x_wconf 90' lang='lat' dir='ltr'>et</span> <span class='ocrx_word' id='word_1_26' title='bbox 908 1360 1016 1423; x_wconf 86' lang='lat' dir='ltr'>habent</span> <span class='ocrx_word' id='word_1_27' title='bbox 1029 1362 1162 1422; x_wconf 84' lang='lat' dir='ltr'>mortalia</span> <span class='ocrx_word' id='word_1_28' title='bbox 1172 1362 1288 1439; x_wconf 85' lang='lat' dir='ltr'>casus¹,</span> 
     </span>
    </p>
   </div>
   <div class='ocr_carea' id='block_1_4' title="bbox 302 1491 1369 1824">
    <p class='ocr_par' dir='ltr' id='par_1_4' title="bbox 302 1491 1369 1824">
     <span class='ocr_line' id='line_1_6' title="bbox 303 1491 1369 1596; baseline 0.004 -33"><span class='ocrx_word' id='word_1_29' title='bbox 303 1491 370 1566; x_wconf 85' lang='lat' dir='ltr'>sed</span> <span class='ocrx_word' id='word_1_30' title='bbox 386 1491 509 1566; x_wconf 90' lang='lat' dir='ltr'>divina</span> <span class='ocrx_word' id='word_1_31' title='bbox 533 1492 730 1591; x_wconf 83' lang='lat' dir='ltr'>largitione,</span> <span class='ocrx_word' id='word_1_32' title='bbox 744 1520 823 1594; x_wconf 85' lang='lat' dir='ltr'>quae</span> <span class='ocrx_word' id='word_1_33' title='bbox 839 1496 876 1567; x_wconf 93' lang='lat' dir='ltr'>in</span> <span class='ocrx_word' id='word_1_34' title='bbox 893 1520 931 1567; x_wconf 91' lang='lat' dir='ltr'>se</span> <span class='ocrx_word' id='word_1_35' title='bbox 945 1495 1170 1596; x_wconf 86' lang='lat' dir='ltr'>sperantibus</span> <span class='ocrx_word' id='word_1_36' title='bbox 1179 1495 1316 1591; x_wconf 87' lang='lat' dir='ltr'>magnis</span> <span class='ocrx_word' id='word_1_37' title='bbox 1332 1509 1369 1567; x_wconf 90' lang='lat' dir='ltr'>et</span> 
     </span>
     <span class='ocr_line' id='line_1_7' title="bbox 303 1608 1367 1710; baseline 0.003 -30"><span class='ocrx_word' id='word_1_38' title='bbox 303 1610 427 1707; x_wconf 88' lang='lat' dir='ltr'>parvis</span> <span class='ocrx_word' id='word_1_39' title='bbox 447 1610 484 1681; x_wconf 94' lang='lat' dir='ltr'>in</span> <span class='ocrx_word' id='word_1_40' title='bbox 501 1608 671 1683; x_wconf 91' lang='lat' dir='ltr'>omnibus</span> <span class='ocrx_word' id='word_1_41' title='bbox 696 1609 863 1710; x_wconf 82' lang='lat' dir='ltr'>providet</span> <span class='ocrx_word' id='word_1_42' title='bbox 885 1610 1087 1700; x_wconf 83' lang='lat' dir='ltr'>affluenter,</span> <span class='ocrx_word' id='word_1_43' title='bbox 1111 1626 1148 1683; x_wconf 85' lang='lat' dir='ltr'>et</span> <span class='ocrx_word' id='word_1_44' title='bbox 1166 1635 1246 1707; x_wconf 87' lang='lat' dir='ltr'>quae</span> <span class='ocrx_word' id='word_1_45' title='bbox 1262 1610 1367 1683; x_wconf 90' lang='lat' dir='ltr'>novit</span> 
     </span>
     <span class='ocr_line' id='line_1_8' title="bbox 302 1723 1366 1824; baseline 0.003 -31"><span class='ocrx_word' id='word_1_46' title='bbox 302 1723 498 1822; x_wconf 79' lang='lat' dir='ltr'>profutura</span> <span class='ocrx_word' id='word_1_47' title='bbox 513 1723 751 1798; x_wconf 85' lang='lat' dir='ltr'>administrat.</span> <span class='ocrx_word' id='word_1_48' title='bbox 772 1728 861 1797; x_wconf 93' lang='lat' dir='ltr'>Cum</span> <span class='ocrx_word' id='word_1_49' title='bbox 876 1726 973 1799; x_wconf 90' lang='lat' dir='ltr'>enim</span> <span class='ocrx_word' id='word_1_50' title='bbox 992 1724 1150 1824; x_wconf 90' lang='lat' dir='ltr'>quadam</span> <span class='ocrx_word' id='word_1_51' title='bbox 1168 1723 1228 1797; x_wconf 94' lang='lat' dir='ltr'>die</span> <span class='ocrx_word' id='word_1_52' title='bbox 1245 1725 1290 1799; x_wconf 93' lang='lat' dir='ltr'>de</span> <span class='ocrx_word' id='word_1_53' title='bbox 1303 1750 1366 1824; x_wconf 89' lang='lat' dir='ltr'>ap-</span> 
     </span>
    </p>
   </div>
   <div class='ocr_carea' id='block_1_5' title="bbox 304 1818 1520 1941">
    <p class='ocr_par' dir='ltr' id='par_1_5' title="bbox 304 1818 1520 1941">
     <span class='ocr_line' id='line_1_9' title="bbox 304 1818 1520 1941; baseline 0.002 -29"><span class='ocrx_word' id='word_1_54' title='bbox 304 1854 432 1939; x_wconf 86' lang='lat' dir='ltr'>paratu</span> <span class='ocrx_word' id='word_1_55' title='bbox 447 1842 620 1941; x_wconf 72' lang='lat' dir='ltr'>proxime</span> <span class='ocrx_word' id='word_1_56' title='bbox 632 1842 910 1916; x_wconf 88' lang='lat' dir='ltr'>consecrationis</span> <span class='ocrx_word' id='word_1_57' title='bbox 925 1843 1045 1935; x_wconf 86' lang='lat' dir='ltr'>curiae,</span> <span class='ocrx_word' id='word_1_58' title='bbox 1069 1844 1153 1941; x_wconf 91' lang='lat' dir='ltr'>quia</span> <span class='ocrx_word' id='word_1_59' title='bbox 1175 1844 1368 1915; x_wconf 81' lang='lat' dir='ltr'>maximam</span> <span class='ocrx_word' id='word_1_60' title='bbox 1468 1919 1474 1933; x_wconf 60' lang='grc'>,</span> <span class='ocrx_word' id='word_1_61' title='bbox 1510 1818 1520 1834; x_wconf 58' lang='grc'>’</span> 
     </span>
    </p>
   </div>
   <div class='ocr_carea' id='block_1_6' title="bbox 304 1954 1472 2981">
    <p class='ocr_par' dir='ltr' id='par_1_6' title="bbox 304 1954 1472 2173">
     <span class='ocr_line' id='line_1_10' title="bbox 304 1954 1472 2056; baseline 0.004 -31"><span class='ocrx_word' id='word_1_62' title='bbox 304 1954 384 2027; x_wconf 84' lang='lat' dir='ltr'>sore</span> <span class='ocrx_word' id='word_1_63' title='bbox 401 1956 709 2056; x_wconf 70' lang='lat' dir='ltr'>praestolabamur,</span> <span class='ocrx_word' id='word_1_64' title='bbox 724 1972 760 2030; x_wconf 85' lang='lat' dir='ltr'>et</span> <span class='ocrx_word' id='word_1_65' title='bbox 778 1982 861 2030; x_wconf 89' lang='lat' dir='ltr'>cum</span> <span class='ocrx_word' id='word_1_66' title='bbox 882 1958 1007 2031; x_wconf 89' lang='lat' dir='ltr'>amicis</span> <span class='ocrx_word' id='word_1_67' title='bbox 1024 1973 1061 2031; x_wconf 91' lang='lat' dir='ltr'>et</span> <span class='ocrx_word' id='word_1_68' title='bbox 1074 1957 1367 2031; x_wconf 85' lang='lat' dir='ltr'>ministerialibus</span> <span class='ocrx_word' id='word_1_69' title='bbox 1466 2029 1472 2040; x_wconf 80' lang='grc'>,</span> 
     </span>
     <span class='ocr_line' id='line_1_11' title="bbox 304 2070 1412 2173; baseline 0.003 -31"><span class='ocrx_word' id='word_1_70' title='bbox 304 2086 342 2143; x_wconf 86' lang='lat' dir='ltr'>et</span> <span class='ocrx_word' id='word_1_71' title='bbox 356 2070 484 2144; x_wconf 87' lang='lat' dir='ltr'>villicis</span> <span class='ocrx_word' id='word_1_72' title='bbox 495 2072 627 2145; x_wconf 86' lang='lat' dir='ltr'>nostris</span> <span class='ocrx_word' id='word_1_73' title='bbox 639 2098 837 2169; x_wconf 83' lang='lat' dir='ltr'>ageremus,</span> <span class='ocrx_word' id='word_1_74' title='bbox 855 2089 891 2146; x_wconf 90' lang='lat' dir='ltr'>et</span> <span class='ocrx_word' id='word_1_75' title='bbox 903 2099 970 2173; x_wconf 92' lang='lat' dir='ltr'>pro</span> <span class='ocrx_word' id='word_1_76' title='bbox 980 2089 1183 2173; x_wconf 86' lang='lat' dir='ltr'>temporum</span> <span class='ocrx_word' id='word_1_77' title='bbox 1197 2075 1368 2171; x_wconf 89' lang='lat' dir='ltr'>gravitate</span> <span class='ocrx_word' id='word_1_78' title='bbox 1407 2081 1412 2090; x_wconf 92' lang='lat'>&#39;</span> 
     </span>
    </p>

    <p class='ocr_par' dir='ltr' id='par_1_7' title="bbox 305 2188 1445 2981">
     <span class='ocr_line' id='line_1_12' title="bbox 306 2188 1363 2288; baseline 0.004 -30"><span class='ocrx_word' id='word_1_79' title='bbox 306 2192 448 2285; x_wconf 89' lang='lat' dir='ltr'>(mense</span> <span class='ocrx_word' id='word_1_80' title='bbox 466 2189 562 2260; x_wconf 90' lang='lat' dir='ltr'>enim</span> <span class='ocrx_word' id='word_1_81' title='bbox 576 2188 679 2286; x_wconf 87' lang='lat' dir='ltr'>junio</span> <span class='ocrx_word' id='word_1_82' title='bbox 699 2214 791 2288; x_wconf 85' lang='lat' dir='ltr'>pene</span> <span class='ocrx_word' id='word_1_83' title='bbox 808 2190 929 2263; x_wconf 87' lang='lat' dir='ltr'>omnia</span> <span class='ocrx_word' id='word_1_84' title='bbox 947 2190 1112 2262; x_wconf 86' lang='lat' dir='ltr'>victualia</span> <span class='ocrx_word' id='word_1_85' title='bbox 1137 2214 1219 2263; x_wconf 85' lang='lat' dir='ltr'>cara</span> <span class='ocrx_word' id='word_1_86' title='bbox 1245 2192 1363 2284; x_wconf 89' lang='lat' dir='ltr'>erant)</span> 
     </span>
     <span class='ocr_line' id='line_1_13' title="bbox 306 2300 1368 2402; baseline 0.004 -28"><span class='ocrx_word' id='word_1_87' title='bbox 306 2300 352 2374; x_wconf 91' lang='lat' dir='ltr'>de</span> <span class='ocrx_word' id='word_1_88' title='bbox 373 2301 453 2374; x_wconf 88' lang='lat' dir='ltr'>aliis</span> <span class='ocrx_word' id='word_1_89' title='bbox 478 2302 592 2374; x_wconf 78' lang='lat' dir='ltr'>fauste</span> <span class='ocrx_word' id='word_1_90' title='bbox 615 2303 698 2376; x_wconf 89' lang='lat' dir='ltr'>satis</span> <span class='ocrx_word' id='word_1_91' title='bbox 722 2302 1017 2402; x_wconf 88' lang='lat' dir='ltr'>providissemus,</span> <span class='ocrx_word' id='word_1_92' title='bbox 1050 2304 1121 2377; x_wconf 94' lang='lat' dir='ltr'>hoc</span> <span class='ocrx_word' id='word_1_93' title='bbox 1154 2330 1220 2377; x_wconf 90' lang='lat' dir='ltr'>nos</span> <span class='ocrx_word' id='word_1_94' title='bbox 1249 2305 1368 2378; x_wconf 86' lang='lat' dir='ltr'>solum</span> 
     </span>
     <span class='ocr_line' id='line_1_14' title="bbox 306 2416 1369 2519; baseline 0.003 -30"><span class='ocrx_word' id='word_1_95' title='bbox 306 2418 463 2513; x_wconf 83' lang='lat' dir='ltr'>graviter</span> <span class='ocrx_word' id='word_1_96' title='bbox 491 2416 711 2513; x_wconf 77' lang='lat' dir='ltr'>offendebat,</span> <span class='ocrx_word' id='word_1_97' title='bbox 745 2419 845 2517; x_wconf 91' lang='lat' dir='ltr'>quod</span> <span class='ocrx_word' id='word_1_98' title='bbox 869 2444 993 2491; x_wconf 88' lang='lat' dir='ltr'>carnes</span> <span class='ocrx_word' id='word_1_99' title='bbox 1020 2421 1199 2510; x_wconf 88' lang='lat' dir='ltr'>arietinas,</span> <span class='ocrx_word' id='word_1_100' title='bbox 1220 2436 1369 2519; x_wconf 90' lang='lat' dir='ltr'>propter</span> 
     </span>
     <span class='ocr_line' id='line_1_15' title="bbox 306 2534 1445 2633; baseline 0.002 -27"><span class='ocrx_word' id='word_1_101' title='bbox 306 2536 431 2606; x_wconf 89' lang='lat' dir='ltr'>ovium</span> <span class='ocrx_word' id='word_1_102' title='bbox 448 2560 527 2633; x_wconf 89' lang='lat' dir='ltr'>quae</span> <span class='ocrx_word' id='word_1_103' title='bbox 541 2534 672 2607; x_wconf 90' lang='lat' dir='ltr'>eodem</span> <span class='ocrx_word' id='word_1_104' title='bbox 686 2559 783 2607; x_wconf 92' lang='lat' dir='ltr'>anno</span> <span class='ocrx_word' id='word_1_105' title='bbox 801 2534 989 2607; x_wconf 86' lang='lat' dir='ltr'>extiterant</span> <span class='ocrx_word' id='word_1_106' title='bbox 1012 2536 1232 2627; x_wconf 85' lang='lat' dir='ltr'>morticinia,</span> <span class='ocrx_word' id='word_1_107' title='bbox 1256 2540 1368 2608; x_wconf 79' lang='lat' dir='ltr'>Aure-</span> <span class='ocrx_word' id='word_1_108' title='bbox 1434 2551 1445 2574; x_wconf 88' lang='grc'><em>·</em></span> 
     </span>
     <span class='ocr_line' id='line_1_16' title="bbox 305 2650 1367 2751; baseline 0.002 -29"><span class='ocrx_word' id='word_1_109' title='bbox 305 2650 457 2723; x_wconf 88' lang='lat' dir='ltr'>lianensi</span> <span class='ocrx_word' id='word_1_110' title='bbox 472 2675 564 2750; x_wconf 88' lang='lat' dir='ltr'>pago</span> <span class='ocrx_word' id='word_1_111' title='bbox 586 2667 623 2724; x_wconf 86' lang='lat' dir='ltr'>et</span> <span class='ocrx_word' id='word_1_112' title='bbox 637 2675 762 2724; x_wconf 90' lang='lat' dir='ltr'>versus</span> <span class='ocrx_word' id='word_1_113' title='bbox 781 2651 1024 2748; x_wconf 90' lang='lat' dir='ltr'>Burgundiam</span> <span class='ocrx_word' id='word_1_114' title='bbox 1046 2653 1233 2751; x_wconf 80' lang='lat' dir='ltr'>quaeritare</span> <span class='ocrx_word' id='word_1_115' title='bbox 1255 2677 1367 2750; x_wconf 88' lang='lat' dir='ltr'>opor·</span> 
     </span>
     <span class='ocr_line' id='line_1_17' title="bbox 306 2764 1369 2868; baseline 0 -28"><span class='ocrx_word' id='word_1_116' title='bbox 306 2781 410 2841; x_wconf 87' lang='lat' dir='ltr'>teret.</span> <span class='ocrx_word' id='word_1_117' title='bbox 426 2764 596 2865; x_wconf 67' lang='lat' dir='ltr'>Cumque</span> <span class='ocrx_word' id='word_1_118' title='bbox 612 2766 710 2840; x_wconf 91' lang='lat' dir='ltr'>mille</span> <span class='ocrx_word' id='word_1_119' title='bbox 727 2766 873 2859; x_wconf 89' lang='lat' dir='ltr'>solidos,</span> <span class='ocrx_word' id='word_1_120' title='bbox 899 2782 962 2839; x_wconf 87' lang='lat' dir='ltr'>aut</span> <span class='ocrx_word' id='word_1_121' title='bbox 988 2783 1163 2865; x_wconf 87' lang='lat' dir='ltr'>quantum</span> <span class='ocrx_word' id='word_1_122' title='bbox 1185 2783 1369 2868; x_wconf 90' lang='lat' dir='ltr'>oporteret</span> 
     </span>
     <span class='ocr_line' id='line_1_18' title="bbox 306 2880 1367 2981; baseline 0 -26"><span class='ocrx_word' id='word_1_123' title='bbox 306 2884 354 2956; x_wconf 91' lang='lat' dir='ltr'>ob</span> <span class='ocrx_word' id='word_1_124' title='bbox 372 2882 444 2955; x_wconf 91' lang='lat' dir='ltr'>hoc</span> <span class='ocrx_word' id='word_1_125' title='bbox 463 2881 547 2953; x_wconf 93' lang='lat' dir='ltr'>illuc</span> <span class='ocrx_word' id='word_1_126' title='bbox 562 2882 790 2981; x_wconf 85' lang='lat' dir='ltr'>pergentibus</span> <span class='ocrx_word' id='word_1_127' title='bbox 806 2882 885 2956; x_wconf 93' lang='lat' dir='ltr'>dari</span> <span class='ocrx_word' id='word_1_128' title='bbox 901 2884 1066 2980; x_wconf 89' lang='lat' dir='ltr'>graviter,</span> <span class='ocrx_word' id='word_1_129' title='bbox 1086 2909 1132 2955; x_wconf 89' lang='lat' dir='ltr'>ne</span> <span class='ocrx_word' id='word_1_130' title='bbox 1148 2880 1249 2956; x_wconf 88' lang='lat' dir='ltr'>tarde</span> <span class='ocrx_word' id='word_1_131' title='bbox 1274 2882 1367 2956; x_wconf 89' lang='lat' dir='ltr'>redi-</span> 
     </span>
    </p>
   </div>
   <div class='ocr_carea' id='block_1_7' title="bbox 307 2998 1496 3207">
    <p class='ocr_par' dir='ltr' id='par_1_8' title="bbox 307 2998 1496 3207">
     <span class='ocr_line' id='line_1_19' title="bbox 307 2998 1485 3098; baseline -0.002 -27"><span class='ocrx_word' id='word_1_132' title='bbox 307 3013 401 3090; x_wconf 90' lang='lat' dir='ltr'>rent,</span> <span class='ocrx_word' id='word_1_133' title='bbox 420 2998 505 3097; x_wconf 87' lang='lat' dir='ltr'>quia</span> <span class='ocrx_word' id='word_1_134' title='bbox 530 3023 609 3070; x_wconf 93' lang='lat' dir='ltr'>sero</span> <span class='ocrx_word' id='word_1_135' title='bbox 632 2998 865 3097; x_wconf 81' lang='lat' dir='ltr'>incoeperant,</span> <span class='ocrx_word' id='word_1_136' title='bbox 889 3000 1168 3098; x_wconf 76' lang='lat' dir='ltr'>praecepisseur&#39;,</span> <span class='ocrx_word' id='word_1_137' title='bbox 1197 3013 1377 3097; x_wconf 86' lang='lat' dir='ltr'>sequente·</span> <span class='ocrx_word' id='word_1_138' title='bbox 1481 3045 1485 3056; x_wconf 89' lang='lat'>·</span> 
     </span>
     <span class='ocr_line' id='line_1_20' title="bbox 307 3112 1496 3207; baseline -0.001 -22"><span class='ocrx_word' id='word_1_139' title='bbox 307 3140 427 3207; x_wconf 91' lang='lat' dir='ltr'>mane,</span> <span class='ocrx_word' id='word_1_140' title='bbox 446 3139 530 3188; x_wconf 89' lang='lat' dir='ltr'>cum</span> <span class='ocrx_word' id='word_1_141' title='bbox 547 3112 593 3186; x_wconf 90' lang='lat' dir='ltr'>de</span> <span class='ocrx_word' id='word_1_142' title='bbox 609 3114 789 3187; x_wconf 89' lang='lat' dir='ltr'>camerula</span> <span class='ocrx_word' id='word_1_143' title='bbox 807 3130 928 3189; x_wconf 89' lang='lat' dir='ltr'>nostra</span> <span class='ocrx_word' id='word_1_144' title='bbox 949 3116 996 3188; x_wconf 90' lang='lat' dir='ltr'>ad</span> <span class='ocrx_word' id='word_1_145' title='bbox 1013 3116 1125 3188; x_wconf 88' lang='lat' dir='ltr'>sancti</span> <span class='ocrx_word' id='word_1_146' title='bbox 1147 3114 1311 3187; x_wconf 87' lang='lat' dir='ltr'>sacrificii</span> <span class='ocrx_word' id='word_1_147' title='bbox 1325 3139 1367 3185; x_wconf 85' lang='lat' dir='ltr'>ex</span> <span class='ocrx_word' id='word_1_148' title='bbox 1483 3134 1496 3156; x_wconf 74' lang='lat'>¹</span> 
     </span>
    </p>
   </div>
   <div class='ocr_carea' id='block_1_8' title="bbox 308 3229 1447 4139">
    <p class='ocr_par' dir='ltr' id='par_1_9' title="bbox 308 3229 1447 4139">
     <span class='ocr_line' id='line_1_21' title="bbox 308 3229 1368 3328; baseline -0.002 -26"><span class='ocrx_word' id='word_1_149' title='bbox 308 3231 567 3304; x_wconf 90' lang='lat' dir='ltr'>consuetudine</span> <span class='ocrx_word' id='word_1_150' title='bbox 586 3230 824 3303; x_wconf 83' lang='lat' dir='ltr'>accelerarem</span> <span class='ocrx_word' id='word_1_151' title='bbox 841 3231 1133 3322; x_wconf 88' lang='lat' dir='ltr'>celebrationem,</span> <span class='ocrx_word' id='word_1_152' title='bbox 1153 3229 1272 3302; x_wconf 86' lang='lat' dir='ltr'>subito</span> <span class='ocrx_word' id='word_1_153' title='bbox 1287 3229 1368 3328; x_wconf 83' lang='lat' dir='ltr'>qui-</span> 
     </span>
     <span class='ocr_line' id='line_1_22' title="bbox 309 3344 1369 3421; baseline -0.001 -4"><span class='ocrx_word' id='word_1_154' title='bbox 309 3346 393 3418; x_wconf 92' lang='lat' dir='ltr'>dam</span> <span class='ocrx_word' id='word_1_155' title='bbox 417 3346 463 3418; x_wconf 92' lang='lat' dir='ltr'>de</span> <span class='ocrx_word' id='word_1_156' title='bbox 480 3346 649 3420; x_wconf 84' lang='lat' dir='ltr'>fratribus</span> <span class='ocrx_word' id='word_1_157' title='bbox 667 3345 758 3421; x_wconf 90' lang='lat' dir='ltr'>albis</span> <span class='ocrx_word' id='word_1_158' title='bbox 779 3348 980 3421; x_wconf 90' lang='lat' dir='ltr'>monachus</span> <span class='ocrx_word' id='word_1_159' title='bbox 1004 3347 1219 3420; x_wconf 89' lang='lat' dir='ltr'>renitentem</span> <span class='ocrx_word' id='word_1_160' title='bbox 1238 3344 1285 3417; x_wconf 92' lang='lat' dir='ltr'>ad</span> <span class='ocrx_word' id='word_1_161' title='bbox 1310 3369 1369 3417; x_wconf 91' lang='lat' dir='ltr'>ca·</span> 
     </span>
     <span class='ocr_line' id='line_1_23' title="bbox 309 3461 1372 3562; baseline -0.003 -28"><span class='ocrx_word' id='word_1_162' title='bbox 309 3486 448 3534; x_wconf 89' lang='lat' dir='ltr'>meram</span> <span class='ocrx_word' id='word_1_163' title='bbox 464 3488 523 3535; x_wconf 92' lang='lat' dir='ltr'>me</span> <span class='ocrx_word' id='word_1_164' title='bbox 540 3461 703 3535; x_wconf 90' lang='lat' dir='ltr'>retrahit.</span> <span class='ocrx_word' id='word_1_165' title='bbox 726 3466 768 3535; x_wconf 91' lang='lat' dir='ltr'>In</span> <span class='ocrx_word' id='word_1_166' title='bbox 784 3489 894 3562; x_wconf 92' lang='lat' dir='ltr'>quem</span> <span class='ocrx_word' id='word_1_167' title='bbox 908 3463 1178 3562; x_wconf 86' lang='lat' dir='ltr'>aliquantisper,</span> <span class='ocrx_word' id='word_1_168' title='bbox 1197 3461 1281 3558; x_wconf 87' lang='lat' dir='ltr'>quia</span> <span class='ocrx_word' id='word_1_169' title='bbox 1303 3485 1372 3531; x_wconf 89' lang='lat' dir='ltr'>nos</span> 
     </span>
     <span class='ocr_line' id='line_1_24' title="bbox 309 3576 1447 3678; baseline -0.002 -28"><span class='ocrx_word' id='word_1_170' title='bbox 309 3593 438 3651; x_wconf 87' lang='lat' dir='ltr'>atanto</span> <span class='ocrx_word' id='word_1_171' title='bbox 449 3579 669 3677; x_wconf 87' lang='lat' dir='ltr'>impediebat</span> <span class='ocrx_word' id='word_1_172' title='bbox 681 3604 804 3678; x_wconf 91' lang='lat' dir='ltr'>opere,</span> <span class='ocrx_word' id='word_1_173' title='bbox 820 3596 1037 3671; x_wconf 91' lang='lat' dir='ltr'>commotus,</span> <span class='ocrx_word' id='word_1_174' title='bbox 1050 3603 1136 3651; x_wconf 92' lang='lat' dir='ltr'>cum</span> <span class='ocrx_word' id='word_1_175' title='bbox 1144 3578 1264 3649; x_wconf 92' lang='lat' dir='ltr'>minus</span> <span class='ocrx_word' id='word_1_176' title='bbox 1276 3576 1371 3650; x_wconf 91' lang='lat' dir='ltr'>bene</span> <span class='ocrx_word' id='word_1_177' title='bbox 1435 3578 1447 3606; x_wconf 68' lang='lat'>⁵</span> 
     </span>
     <span class='ocr_line' id='line_1_25' title="bbox 309 3693 1371 3793; baseline -0.002 -27"><span class='ocrx_word' id='word_1_178' title='bbox 309 3694 594 3793; x_wconf 88' lang='lat' dir='ltr'>respondissem:</span> <span class='ocrx_word' id='word_1_179' title='bbox 607 3693 857 3788; x_wconf 80' lang='lat' dir='ltr'>«Audivimus,</span> <span class='ocrx_word' id='word_1_180' title='bbox 870 3696 1000 3793; x_wconf 88' lang='lat' dir='ltr'>inquit,</span> <span class='ocrx_word' id='word_1_181' title='bbox 1016 3695 1162 3767; x_wconf 89' lang='lat' dir='ltr'>domine</span> <span class='ocrx_word' id='word_1_182' title='bbox 1174 3698 1290 3785; x_wconf 86' lang='lat' dir='ltr'>Pater,</span> <span class='ocrx_word' id='word_1_183' title='bbox 1305 3718 1371 3765; x_wconf 86' lang='lat' dir='ltr'>vos</span> 
     </span>
     <span class='ocr_line' id='line_1_26' title="bbox 310 3808 1416 3914; baseline -0.003 -32"><span class='ocrx_word' id='word_1_184' title='bbox 310 3810 356 3883; x_wconf 90' lang='lat' dir='ltr'>ad</span> <span class='ocrx_word' id='word_1_185' title='bbox 369 3810 564 3885; x_wconf 87' lang='lat' dir='ltr'>instantem</span> <span class='ocrx_word' id='word_1_186' title='bbox 579 3812 856 3884; x_wconf 89' lang='lat' dir='ltr'>consecrationis</span> <span class='ocrx_word' id='word_1_187' title='bbox 872 3826 994 3883; x_wconf 80' lang='lat' dir='ltr'>vestrae</span> <span class='ocrx_word' id='word_1_188' title='bbox 1006 3809 1270 3883; x_wconf 89' lang='lat' dir='ltr'>solemnitatem</span> <span class='ocrx_word' id='word_1_189' title='bbox 1285 3808 1373 3880; x_wconf 84' lang='lat' dir='ltr'>arie·</span> <span class='ocrx_word' id='word_1_190' title='bbox 1412 3905 1416 3914; x_wconf 15' lang='grc' dir='ltr'><strong><em>ῃ</em></strong></span> 
     </span>
     <span class='ocr_line' id='line_1_27' title="bbox 311 3924 1371 4023; baseline 0 -26"><span class='ocrx_word' id='word_1_191' title='bbox 311 3928 393 3998; x_wconf 89' lang='lat' dir='ltr'>tinis</span> <span class='ocrx_word' id='word_1_192' title='bbox 415 3925 584 3998; x_wconf 91' lang='lat' dir='ltr'>carnibus</span> <span class='ocrx_word' id='word_1_193' title='bbox 612 3925 793 4023; x_wconf 73' lang='lat' dir='ltr'>indigere,</span> <span class='ocrx_word' id='word_1_194' title='bbox 823 3939 858 3998; x_wconf 90' lang='lat' dir='ltr'>et</span> <span class='ocrx_word' id='word_1_195' title='bbox 880 3924 965 3997; x_wconf 89' lang='lat' dir='ltr'>inde</span> <span class='ocrx_word' id='word_1_196' title='bbox 996 3950 1017 3997; x_wconf 92' lang='lat' dir='ltr'>a</span> <span class='ocrx_word' id='word_1_197' title='bbox 1042 3924 1213 3997; x_wconf 89' lang='lat' dir='ltr'>fratribus</span> <span class='ocrx_word' id='word_1_198' title='bbox 1240 3926 1371 3997; x_wconf 88' lang='lat' dir='ltr'>nostris</span> 
     </span>
     <span class='ocr_line' id='line_1_28' title="bbox 313 4041 1447 4139; baseline 0.006 -28"><span class='ocrx_word' id='word_1_199' title='bbox 313 4041 440 4113; x_wconf 90' lang='lat' dir='ltr'>missus</span> <span class='ocrx_word' id='word_1_200' title='bbox 455 4042 605 4113; x_wconf 90' lang='lat' dir='ltr'>arietum</span> <span class='ocrx_word' id='word_1_201' title='bbox 630 4066 773 4139; x_wconf 91' lang='lat' dir='ltr'>gregem</span> <span class='ocrx_word' id='word_1_202' title='bbox 799 4042 997 4114; x_wconf 84' lang='lat' dir='ltr'>maximum</span> <span class='ocrx_word' id='word_1_203' title='bbox 1021 4041 1226 4113; x_wconf 87' lang='lat' dir='ltr'>Patemitati</span> <span class='ocrx_word' id='word_1_204' title='bbox 1248 4056 1374 4118; x_wconf 73' lang='lat' dir='ltr'>vestrae</span> <span class='ocrx_word' id='word_1_205' title='bbox 1441 4059 1447 4071; x_wconf 94' lang='lat'>&#39;</span> 
     </span>
    </p>
   </div>
   <div class='ocr_carea' id='block_1_9' title="bbox 313 4155 1397 4372">
    <p class='ocr_par' dir='ltr' id='par_1_10' title="bbox 313 4155 1397 4372">
     <span class='ocr_line' id='line_1_29' title="bbox 313 4155 1397 4257; baseline 0.005 -29"><span class='ocrx_word' id='word_1_206' title='bbox 313 4155 469 4248; x_wconf 89' lang='lat' dir='ltr'>adduco,</span> <span class='ocrx_word' id='word_1_207' title='bbox 488 4171 528 4229; x_wconf 88' lang='lat' dir='ltr'>ut</span> <span class='ocrx_word' id='word_1_208' title='bbox 554 4157 652 4255; x_wconf 94' lang='lat' dir='ltr'>quod</span> <span class='ocrx_word' id='word_1_209' title='bbox 672 4158 777 4230; x_wconf 91' lang='lat' dir='ltr'>vobis</span> <span class='ocrx_word' id='word_1_210' title='bbox 795 4156 970 4257; x_wconf 91' lang='lat' dir='ltr'>placuerit</span> <span class='ocrx_word' id='word_1_211' title='bbox 987 4156 1183 4245; x_wconf 84' lang='lat' dir='ltr'>retineatis,</span> <span class='ocrx_word' id='word_1_212' title='bbox 1209 4171 1245 4227; x_wconf 90' lang='lat' dir='ltr'>et</span> <span class='ocrx_word' id='word_1_213' title='bbox 1274 4156 1397 4253; x_wconf 90' lang='lat' dir='ltr'>quod.</span> 
     </span>
     <span class='ocr_line' id='line_1_30' title="bbox 313 4272 1376 4372; baseline 0.003 -29"><span class='ocrx_word' id='word_1_214' title='bbox 313 4297 386 4346; x_wconf 91' lang='lat' dir='ltr'>non</span> <span class='ocrx_word' id='word_1_215' title='bbox 402 4273 577 4372; x_wconf 90' lang='lat' dir='ltr'>placuerit</span> <span class='ocrx_word' id='word_1_216' title='bbox 589 4272 696 4346; x_wconf 92' lang='lat' dir='ltr'>nobis</span> <span class='ocrx_word' id='word_1_217' title='bbox 712 4273 911 4346; x_wconf 87' lang='lat' dir='ltr'>dimittatis.</span> <span class='ocrx_word' id='word_1_218' title='bbox 935 4302 954 4340; x_wconf 79' lang='lat' dir='ltr'>u</span> <span class='ocrx_word' id='word_1_219' title='bbox 973 4276 1055 4361; x_wconf 92' lang='lat' dir='ltr'>Quo</span> <span class='ocrx_word' id='word_1_220' title='bbox 1071 4272 1208 4366; x_wconf 90' lang='lat' dir='ltr'>audito,</span> <span class='ocrx_word' id='word_1_221' title='bbox 1226 4286 1268 4343; x_wconf 91' lang='lat' dir='ltr'>ut</span> <span class='ocrx_word' id='word_1_222' title='bbox 1293 4286 1376 4371; x_wconf 85' lang='lat' dir='ltr'>post</span> 
     </span>
    </p>
   </div>
   <div class='ocr_carea' id='block_1_10' title="bbox 350 4490 1177 4666">
    <p class='ocr_par' dir='ltr' id='par_1_11' title="bbox 350 4490 1177 4666">
     <span class='ocr_line' id='line_1_31' title="bbox 355 4490 638 4563; baseline 0.004 -16"><span class='ocrx_word' id='word_1_223' title='bbox 355 4490 638 4563; x_wconf 79' lang='lat' dir='ltr'>t.1³tars.,11,t³.</span> 
     </span>
     <span class='ocr_line' id='line_1_32' title="bbox 350 4582 1177 4666; baseline 0.002 -25"><span class='ocrx_word' id='word_1_224' title='bbox 350 4587 379 4643; x_wconf 57' lang='grc' dir='ltr'>ἢ.</span> <span class='ocrx_word' id='word_1_225' title='bbox 393 4588 594 4662; x_wconf 74' lang='lat' dir='ltr'>Pracepissent</span> <span class='ocrx_word' id='word_1_226' title='bbox 603 4583 649 4647; x_wconf 89' lang='lat' dir='ltr'>ed.</span> <span class='ocrx_word' id='word_1_227' title='bbox 664 4583 770 4659; x_wconf 87' lang='lat' dir='ltr'>Chesn,</span> <span class='ocrx_word' id='word_1_228' title='bbox 782 4585 862 4663; x_wconf 91' lang='lat' dir='ltr'>quod</span> <span class='ocrx_word' id='word_1_229' title='bbox 876 4582 1013 4645; x_wconf 86' lang='lat' dir='ltr'>mendum</span> <span class='ocrx_word' id='word_1_230' title='bbox 1028 4597 1177 4666; x_wconf 75' lang='lat' dir='ltr'>putemus.</span> 
     </span>
    </p>
   </div>
   <div class='ocr_carea' id='block_1_11' title="bbox 0 0 1892 5667">
    <p class='ocr_par' dir='ltr' id='par_1_12' title="bbox 0 0 1892 5667">
     <span class='ocr_line' id='line_1_33' title="bbox 0 0 1892 5667; baseline 0 0"><span class='ocrx_word' id='word_1_231' title='bbox 0 0 1892 5667; x_wconf 95' lang='lat' dir='ltr'> </span> 
     </span>
    </p>
   </div>
  </div>
 </body>
</html>
