3742 5667
464 791 521 848 aso
679 787 843 847 oeuvnus
862 773 1075 846 contutans
1094 790 1145 847 nn
1163 791 1298 851 sunna.

461 936 552 994 nutu
584 914 845 993 ordinabantur
878 918 1040 992 abbates.
1071 918 1213 1018 Absque
1254 922 1324 994 ulla
1362 925 1516 1018 inuidia,

462 1038 538 1109 sine
548 1035 681 1109 rubore
695 1034 817 1132 aliquo
829 1035 861 1107 ei
877 1033 1128 1107 subdebantur
1140 1035 1310 1137 episcopi,
1327 1040 1360 1112 ei
1378 1039 1518 1114 delere.

460 1151 562 1243 bant,
578 1152 609 1224 ei
627 1151 812 1251 parebant.
832 1153 883 1221 Eo
902 1164 1053 1222 vocante
1073 1151 1345 1245 conveniebant,
1370 1155 1518 1251 quando

459 1267 649 1340 dimisisset
659 1269 696 1340 in
713 1291 777 1340 sua
791 1264 1021 1355 recedebant,
1041 1264 1235 1361 gaudentes
1250 1267 1350 1365 quod
1366 1269 1403 1340 in
1418 1269 1515 1344 clero

460 1381 539 1454 talis
557 1381 678 1454 luisset
694 1383 872 1472 inventus,
889 1381 952 1480 qui
972 1381 1210 1476 regnicuram
1233 1388 1335 1454 unus'
1348 1409 1416 1482 pro
1439 1408 1516 1458 orn·

458 1498 565 1570 nibus
580 1499 752 1570 sustinere
768 1495 958 1570 sufficeret.

504 1617 622 1686 Tantae
653 1613 760 1709 igitur
787 1610 862 1710 ejus
900 1611 1070 1710 probitati
1110 1627 1146 1685 et
1177 1628 1283 1686 tantae
1316 1616 1516 1712 prudentiae

459 1751 620 1800 summus
635 1725 948 1823 congratulabatur
967 1728 1128 1800 Pontifex
1148 1755 1156 1798 ε
1178 1728 1268 1800 adeo
1282 1744 1324 1802 ut
1342 1732 1515 1829 quicquid

457 1843 496 1916 in
509 1842 633 1915 Galliis
646 1842 829 1914 decretum
846 1841 969 1914 luisset
981 1841 1027 1913 ab
1041 1842 1124 1930 isto,
1144 1846 1262 1916 Romae
1273 1858 1392 1917 ratum
1402 1845 1514 1918 habe·

458 1971 582 2051 retur;
603 1970 638 2030 et
651 1957 822 2056 quicquid
838 1973 921 2029 ante
935 1956 1034 2030 hunc
1050 1958 1254 2057 sumpsisset
1270 1959 1426 2055 initium,
1442 1960 1515 2036 illic
1633 2015 1638 2024 ·

458 2073 570 2146 robur
602 2075 791 2172 acciperet.
826 2073 917 2144 Huic
957 2072 1125 2169 singulari
1158 2073 1394 2149 familiaritate
1422 2102 1514 2178 papa

454 2183 636 2262 ‘scribebat
649 2188 839 2283 Eugenius.
860 2191 964 2259 llunc
981 2189 1052 2260 suis
1067 2187 1284 2286 frequenter¹
1298 2189 1517 2264 adhortatio

457 2303 563 2376 nibus
577 2301 786 2388 roborabat,
797 2303 848 2374 nil
855 2302 930 2399 jam
940 2301 991 2374 illi
1000 2303 1211 2403 imperando
1222 2304 1423 2402 injungens,
1434 2307 1510 2400 sed,

459 2437 500 2494 ut
510 2445 634 2494 verum
650 2419 775 2511 fatear,
790 2418 974 2492 humiliter
988 2418 1191 2494 obsecrans.
1207 2423 1271 2494 Hic
1288 2421 1357 2494 sibi
1373 2421 1515 2499 fiducia·

456 2537 536 2610 liter
546 2537 704 2633 injuncta
716 2535 1021 2635 adimplebat,ille
1034 2535 1296 2635 cooperabatur
1305 2540 1514 2612 auctoritate

455 2651 615 2744 indulta;
632 2667 669 2724 et
690 2676 769 2749 quae
785 2654 905 2723 Romae
924 2651 1110 2724 terminari
1132 2677 1206 2724 non
1226 2667 1403 2751 poterant,
1423 2678 1514 2752 saepe

398 2766 406 2787 '
456 2768 492 2841 in
510 2767 610 2840 istius
623 2766 806 2866 praesentia
821 2764 1042 2860 condignum
1056 2767 1179 2838 sortita
1199 2781 1282 2839 sunt
1302 2768 1510 2841 terminum.

456 2884 623 2980 Quisquis
646 2881 770 2979 legerit
794 2895 939 2952 mutuas
960 2878 1105 2952 illorum
1127 2880 1292 2980 epistolas
1319 2896 1356 2954 et
1382 2881 1514 2982 scripta

455 2997 581 3070 crebro
613 2994 859 3087 discurrentia,
893 2992 995 3066 facile
1033 2993 1202 3092 intelliget
1235 3009 1367 3092 quanta
1407 2997 1514 3071 fuerit

454 3111 597 3184 alterius
621 3109 718 3210 apud
744 3108 898 3182 alterum
926 3109 1138 3200 reverentia,
1168 3110 1249 3209 quis
1274 3110 1407 3202 honor,
1434 3138 1513 3211 quae

455 3220 598 3294 fiducia.
863 3311 866 3316 Ι

502 3337 638 3412 Deinde
650 3361 734 3410 cum
754 3350 836 3408 ante
857 3336 947 3433 regis
965 3335 1122 3410 reditum
1141 3338 1343 3434 contigisset
1364 3337 1513 3413 fratrem

455 3449 566 3522 iltius·
581 3449 627 3522 de
650 3447 903 3545 Hierosolymis
925 3449 1072 3541 reverti,
1089 3449 1238 3547 quidam
1261 3449 1379 3522 statim
1396 3474 1514 3549 popu·

453 3565 557 3658 lares,
568 3563 631 3662 qui
648 3563 694 3637 ad
710 3588 804 3636 nova
819 3563 921 3637 facile
941 3565 1180 3655 concitantur,
1194 3578 1366 3663 ceperunt
1382 3589 1509 3638 occur-

453 3703 546 3772 rere,
561 3681 743 3777 vitamque
760 3680 812 3753 illi
834 3704 917 3753 cum
935 3680 1089 3779 imperio
1106 3680 1307 3779 imprecari.
1328 3678 1400 3753 Sed
1418 3682 1513 3755 etde

453 3794 550 3869 clero
565 3795 746 3886 nonnulli,
765 3797 850 3892 quia
867 3819 968 3867 secus
982 3820 1092 3894 quam
1114 3793 1247 3868 vellent
1262 3797 1300 3867 in
1324 3819 1436 3893 regno
1453 3796 1514 3869 ali·

454 3935 525 4011 qua
540 3909 685 4001 lierent,
701 3910 794 3984 foeda
812 3910 863 3983 illi
879 3926 1051 4010 ceperunt
1064 3909 1271 3984 adulatione
1292 3909 1462 4003 blandiri,
1477 3928 1513 3985 et

371 4043 377 4070 ²
453 4026 551 4100 hunc
575 4026 663 4121 regii
679 4026 859 4122 sanguinis
879 4024 1009 4100 fiducia
1034 4025 1082 4100 ad
1103 4026 1267 4124 quaedam
1285 4025 1406 4099 illicita
1428 4028 1513 4100 inci·

453 4153 557 4214 tare:
579 4161 735 4236 quorum
763 4137 824 4212 hic
846 4139 994 4212 nomina
1021 4121 1154 4212 idcir'co
1178 4138 1446 4238 supprimimus,
1465 4163 1512 4212 ne

493 4432 523 4490 t.
538 4380 710 4506 nequeam
721 4423 802 4488 teet
814 4425 846 4487 tn
860 4425 908 4489 ea.
926 4423 1044 4486 uronis
1056 4423 1094 4486 ae
1104 4421 1225 4486 sinuo.

487 4525 523 4584 ⁴2.
537 4525 668 4584 Fratrem
679 4527 741 4596 ejus
753 4519 802 4584 ed.
816 4518 881 4585 bar.
894 4519 931 4580 de
945 4517 1064 4582 Altolio.
1078 4517 1134 4578 ilic
1144 4529 1189 4579 est
1201 4514 1357 4579 Robertus.
