3742 5667
457 745 508 803 nn
528 744 578 803 aa
598 730 877 803 cousucmnou
898 743 948 801 nn
968 743 1217 803 suus-naurs.
1319 747 1375 807 aaa

316 889 555 967 extraxerunt,
586 898 737 973 eamque
763 873 918 947 ecclesiae
952 874 1125 948 fabricam
1157 876 1193 947 in
1219 875 1380 976 plaustro

315 988 593 1065 destinaverunt.
614 990 719 1063 Unde
741 1005 941 1089 per-totam
958 990 1186 1090 propalatum
1220 1006 1274 1064 est
1296 993 1381 1065 viei-

313 1109 411 1181 niam
443 1112 521 1183 Deo
555 1108 797 1207 omnipotenti
828 1108 899 1181 hoo
933 1132 1025 1207 opus
1061 1105 1262 1180 admodum
1302 1108 1379 1207 pla·

312 1248 407 1316 cere,
434 1249 519 1297 cum
545 1222 592 1297 ad
620 1221 766 1296 laudem
793 1239 829 1295 et
851 1222 1002 1319 gloriam
1017 1224 1176 1296 nominis
1198 1224 1254 1296 sui
1269 1222 1326 1296 bis
1342 1239 1380 1299 et

311 1338 520 1437 hujusmodi
560 1340 776 1436 intersigniis
817 1340 911 1436 ejus·
933 1338 1181 1439 operatoribus
1230 1338 1377 1437 elegerit

311 1481 419 1557 opem
436 1456 588 1530 deferre.

358 1572 863 1647 Secundaturetaliudnobile
877 1572 1014 1645 lactum
1022 1574 1198 1645 memoria
1208 1571 1372 1669 dignum,

309 1688 736 1788 relationeconspieuum,
755 1689 964 1761 auctoritate
987 1688 1271 1787 praedicandum.
1291 1694 1376 1761 Per·

308 1819 389 1878 acto
420 1804 600 1904 siqnidem
626 1829 756 1901 magna
783 1828 826 1877 ex
854 1820 957 1903 parte
973 1829 1094 1904 opere,
1120 1819 1157 1881 et
1181 1805 1377 1905 compactis

308 1922 393 1993 novi
412 1936 451 1994 et
470 1922 608 2022 antiqui
627 1920 768 1995 aedificii
787 1920 974 2012 tabulatis,
992 1944 1195 2019 magnoque
1212 1920 1376 2020 deposito

306 2062 418 2135 quem
445 2036 510 2111 diu
530 2039 773 2113 habueramus
794 2038 938 2129 timore,
963 2052 1113 2138 propter
1137 2035 1216 2111 illas
1237 2036 1377 2136 patulas

305 2156 537 2254 antiquarum
556 2154 795 2229 maceriarum
814 2154 934 2245 rimas,
952 2177 1167 2250 magnorum
1189 2152 1375 2255 capitello·

305 2294 389 2343 rum
405 2286 444 2346 et
457 2271 601 2344 basium
619 2269 806 2345 columnas
827 2268 1095 2369 deportantium
1111 2269 1375 2370 dismptionem

306 2386 507 2482 exhilarati,
525 2388 694 2489 deaptare
720 2385 1012 2460 sollicitabamur.
1030 2390 1195 2485 Cumque
1213 2411 1282 2487 pro
1302 2402 1374 2460 tra-

305 2500 636 2577 bium‘inventione
660 2518 736 2577 tam
749 2517 894 2579 nostros
908 2526 1018 2601 quam
1040 2504 1251 2576 Parisienses
1263 2502 1376 2599 ligno-

305 2618 556 2693 rumartiflees
563 2620 880 2714 consuluissemus,
896 2644 1112 2719 responsum
1123 2619 1231 2693 nobis
1240 2633 1294 2694 est
1306 2644 1375 2720 pro

306 2758 436 2807 eorum
465 2736 728 2810 existimatione
752 2760 891 2827 verum,
910 2734 1099 2809 infinibus
1123 2736 1200 2809 istis
1228 2750 1376 2836 propter

305 2850 480 2925 silvarum
505 2854 666 2954 inopiam
688 2853 839 2925 minime
861 2852 1014 2926 inveniri
1027 2876 1148 2953 posse,
1164 2850 1222 2925 vel
1238 2850 1286 2923 ab
1304 2853 1375 2923 Au-

308 2967 555 3041 tissiodorensi
565 2993 659 3069 pago
667 2968 869 3042 necessario
881 2967 1011 3041 devehi
1020 2981 1198 3067 oportere.
1212 2971 1376 3065 Cumque

307 3108 436 3158 omnes
460 3085 498 3157 in
518 3085 591 3159 hoc
620 3085 699 3185 ipso
719 3097 974 3176 consonarent,
999 3108 1138 3183 nosque
1167 3108 1276 3183 super
1301 3084 1374 3158 hoe

305 3212 380 3272 tam
396 3224 466 3300 pro
481 3199 616 3273 laboris
637 3200 887 3299 magnitudine
905 3225 1016 3299 quam
1038 3225 1106 3301 pro
1126 3200 1244 3300 operis
1267 3198 1374 3297 longa

305 3314 488 3390 delatione
500 3340 742 3413 gravaremur,
759 3332 868 3390 nocte
884 3316 1057 3415 quadam,
1078 3340 1101 3388 a
1116 3316 1375 3391 matutinarum

306 3431 484 3530 obsequio
503 3453 695 3529 regressus,
711 3432 804 3505 lecto
819 3432 979 3529 cogitare
994 3432 1088 3532 ooepi
1112 3432 1292 3531 meipsum
1310 3456 1374 3531 per

305 3571 435 3620 omnes
452 3549 611 3648 partium
635 3548 783 3621 istarum
799 3548 906 3621 silvas
921 3547 1056 3622 debere
1077 3547 1287 3649 procedere,
1305 3548 1373 3621 eir·

303 3686 537 3763 eumquuque
553 3662 782 3764 perlustrare,
808 3688 927 3737 moras
943 3664 1028 3737 istas
1042 3678 1080 3737 et
1095 3663 1250 3757 labores,
1266 3661 1296 3736 si
1311 3661 1374 3737 hie

303 3778 459 3853 inveniri
474 3795 633 3880 possent,
648 3778 826 3853 alleviare.
843 3784 998 3878 Moxque
1011 3780 1152 3877 rejectis
1167 3780 1263 3854 curis
1278 3777 1370 3865 aliis,

303 3916 451 3970 summo
469 3920 576 3969 mane
598 3896 787 3998 arripiens,
806 3920 891 3969 eum
913 3897 1145 3997 carpentariis
1160 3910 1196 3968 et
1212 3894 1373 3968 trabium

304 4012 483 4085 mensuris
510 4012 557 4084 ad
586 4012 711 4085 silvam
735 4036 815 4111 quae
843 4011 975 4085 dieitur
994 4013 1137 4088 lvilina¹
1160 4010 1374 4086 acceleravi-

303 4150 397 4199 mus.
424 4130 589 4225 Cumque
607 4151 673 4227 per
693 4141 826 4201 terram
845 4142 1006 4203 nostram
1029 4128 1274 4229 Capreolensis
1295 4126 1373 4203 val·

303 4238 348 4315 lis
370 4242 618 4337 transiremus,
636 4242 758 4318 accitis
767 4243 1007 4319 servientibus
1022 4246 1155 4320 nostris
1166 4262 1374 4321 nostrarum

345 4476 434 4537 l.De
445 4472 592 4551 hbesilva,
608 4492 636 4538 v.
652 4474 753 4555 snpra,
770 4493 801 4557 p.
817 4476 887 4537 168.
