3742 5667
488 833 548 891 aaa
706 831 870 890 <novans
888 815 1106 890 connmras
1121 833 1173 890 nu
1193 833 1331 893 suom.

487 960 682 1060 perspicaci
709 961 853 1057 ingenio
875 978 911 1035 et
932 963 1026 1036 felici
1048 965 1223 1036 memoria
1241 963 1414 1062 quicquid
1437 961 1549 1036 semel

485 1075 783 1176 apprehenderat,
799 1077 892 1151 elabi
908 1077 959 1150 illi
977 1079 1070 1152 ultra
1083 1105 1156 1152 non
1178 1095 1332 1179 poterat.

535 1201 642 1290 Quod
655 1203 776 1274 cuncti
794 1218 928 1276 norunt
940 1204 1029 1301 quid
1046 1228 1259 1298 memorem,
1273 1202 1371 1277 bunc
1383 1201 1550 1276 videlicet

485 1342 668 1390 summum
703 1334 884 1392 oratorem
915 1320 987 1391 suis
1018 1319 1188 1393 claruisse
1217 1319 1466 1419 temporibus?
1498 1324 1549 1392 Re

485 1435 618 1506 etenim
637 1459 732 1524 vera,
740 1433 936 1531 juxtaillud
946 1436 1056 1508 Marci
1071 1435 1228 1529 Catonis,
1247 1451 1323 1508 erat
1341 1433 1545 1524 virbonus,

485 1549 628 1623 dicendi
639 1551 784 1648 peritus.
798 1555 945 1623 Tantam
955 1549 1135 1650 siquidem
1145 1553 1182 1625 in
1196 1565 1349 1650 utraque
1363 1551 1496 1647 lingua,
1510 1566 1547 1624 et

484 1681 643 1740 materna
653 1667 788 1740 scilicet
797 1682 834 1739 et
844 1665 967 1761 latina,
979 1667 1154 1742 facundia
1166 1665 1372 1767 possidebat
1381 1667 1543 1762 gratiam,

485 1797 525 1854 ut
535 1783 707 1881 quicquid
721 1808 763 1855 ex
776 1781 870 1854 illius
887 1807 951 1855 ore
966 1780 1136 1875 audisses,
1159 1809 1235 1857 non
1249 1809 1332 1856 eum
1346 1783 1460 1881 loqui,
1482 1783 1546 1856 sed

483 1897 552 1994 legi
567 1898 743 1971 crederes.
772 1903 856 1971 Erat
874 1898 928 1970 illi
944 1898 1177 1972 historiarum
1193 1925 1332 1972 summa
1347 1899 1488 1989 notitia,
1505 1913 1548 1972 ut

483 2037 749 2111 quemcumque
772 2013 824 2085 illi
845 2015 1067 2086 nominasses
1090 2019 1310 2088 Francorum
1345 2038 1464 2111 regem
1488 2013 1545 2086 vel

481 2129 692 2228 principem,
708 2129 826 2200 statim
848 2129 923 2227 ejus
943 2145 1039 2225 gesta
1058 2131 1234 2203 inoffensa
1252 2129 1441 2203 velocitate
1461 2153 1544 2228 per·

481 2258 655 2318 curreret.
665 2249 747 2343 lpse
767 2247 876 2318 etiam
891 2247 984 2341 regis
994 2244 1164 2319 Ludovici
1172 2246 1364 2345 splendido
1379 2268 1545 2318 sermone

482 2376 579 2458 gesta
592 2361 790 2459 descripsit,
809 2360 956 2458 ejusque
970 2360 1035 2432 filii
1052 2361 1176 2434 itidem
1194 2360 1365 2435 Ludovici
1387 2359 1544 2432 scribere

480 2476 631 2574 quidem
655 2477 781 2574 cepio
810 2477 874 2548 sed
893 2492 1012 2550 morte
1027 2493 1242 2576 preventus,
1260 2475 1307 2549 ad
1326 2476 1436 2548 finem
1452 2499 1544 2574 opus

480 2616 555 2663 non
568 2591 749 2690 perduxit.
761 2593 849 2680 Quis
859 2594 958 2665 enim
971 2618 1013 2665 ea
1028 2592 1154 2666 melius
1165 2608 1300 2684 nosset,
1311 2593 1392 2690 quis
1402 2589 1543 2663 fidelius

480 2707 663 2800 scriberet,
686 2733 797 2806 quam
817 2708 847 2780 is
863 2709 927 2806 qui
943 2709 1086 2807 utrique
1105 2709 1398 2789 familiarissimus
1411 2709 1540 2800 extitit,

480 2848 590 2921 quem
609 2823 752 2896 nullum
770 2839 947 2897 secretum
962 2824 1078 2917 latuit,
1100 2826 1175 2898 sine
1190 2851 1266 2924 quo
1283 2825 1425 2898 nulium
1442 2849 1543 2920 reges

477 2938 620 3012 inibant
636 2940 838 3032 consilium,
861 2965 935 3038 quo
958 2939 1105 3014 absente
1129 2941 1328 3014 solitarium
1350 2938 1543 3013 videbatur

477 3056 673 3154 palatium?
691 3059 743 3128 Es
764 3081 809 3128 eo
830 3055 1008 3154 siquidem
1028 3073 1205 3157 tempore,
1223 3083 1297 3156 quo
1312 3058 1472 3158 primum
1485 3082 1542 3128 re-

478 3171 543 3268 giis
558 3186 610 3243 est
624 3171 811 3244 adhibitus
825 3172 993 3264 consiliis,
1020 3173 1194 3272 usquead
1209 3173 1290 3246 vitae
1306 3173 1400 3244 illius
1416 3173 1539 3245 termi-

477 3311 580 3373 num,
606 3301 748 3359 constat
761 3313 912 3384 regnum
932 3313 1074 3388 semper
1097 3289 1271 3382 floruisse,
1295 3304 1332 3361 et
1355 3289 1391 3360 in
1412 3286 1540 3360 melius

477 3416 585 3501 atque
605 3403 771 3502 amplius,
788 3403 943 3476 dilatatis
958 3403 1121 3477 terminis
1136 3418 1174 3477 et
1189 3403 1352 3477 hostibus
1371 3401 1538 3500 subjuga·

474 3517 533 3610 tis,
547 3517 653 3590 fuisse
666 3532 891 3616 provectum.
915 3523 998 3607 Quo
1023 3519 1165 3592 sublato
1186 3519 1232 3592 de
1254 3519 1390 3611 medio,
1418 3519 1538 3590 statim

476 3646 657 3732 sceptrum
669 3634 769 3728 regni
788 3658 931 3730 gravem
948 3659 990 3706 ex
1008 3635 1102 3707 illius
1119 3633 1280 3708 absentia
1296 3635 1404 3708 sensit
1420 3635 1536 3731 jactu·

474 3771 553 3820 ram
572 3773 581 3821 :
601 3763 727 3847 utpote
745 3749 845 3846 quod
866 3774 941 3822 non
955 3751 1105 3822 minima
1121 3755 1176 3822 sui
1192 3752 1370 3850 portione,
1391 3750 1534 3847 Aquita·

473 3864 713 3937 niaevidelicet
726 3862 872 3954 ducatu,
883 3864 1073 3939 deficiente
1081 3867 1416 3960 consilio,noscitur
1428 3867 1536 3940 muti·

471 3981 584 4053 latum
598 3983 620 4054 ¹.

520 4103 618 4171 Inter
631 4095 786 4195 reliquas
799 4095 961 4188 virtutes,
976 4095 1049 4170 hoc
1061 4099 1115 4172 vir
1125 4099 1285 4198 egregius
1295 4095 1453 4170 habebat
1464 4095 1534 4168 exi·

511 4392 541 4447 1.
557 4386 693 4467 sugerius
705 4385 824 4467 quidem
837 4383 996 4445 divortium
1006 4386 1148 4448 Ludovici
1163 4399 1193 4448 et
1205 4385 1372 4449 Alienordis
1391 4383 1532 4466 impedire

470 4491 520 4540 ant
536 4481 638 4541 saltem
654 4479 774 4542 differre
795 4490 965 4559 tentaverat,
980 4490 1012 4538 ut
1030 4493 1110 4560 patet
1128 4487 1232 4544 exsut
1253 4481 1292 4543 ad
1311 4501 1409 4560 regem
1423 4478 1530 4554 litteri,

470 4578 569 4656 supra,
580 4596 611 4657 p.
622 4577 692 4634 260.
