3742 5667
726 801 903 860 curtatus.
1288 804 1346 862 335

281 931 435 1005 randam
457 929 825 1031 quantulamcumque
844 933 973 1028 quietis
992 933 1117 1004 suturae
1137 934 1344 1031 portiuncu-

280 1048 357 1120 iam
371 1063 529 1120 uomens
544 1061 581 1118 et
592 1045 744 1120 devotus
758 1047 927 1121 reclamo.
943 1055 989 1120 Et
1001 1047 1172 1145 quoniam
1186 1050 1249 1145 qui
1263 1075 1346 1122 cum

280 1163 444 1235 Domino
461 1160 649 1233 ambulant
664 1187 737 1234 non
753 1179 904 1261 possunt
919 1187 995 1237 esse
1011 1176 1171 1262 expertes
1191 1164 1347 1238 caritatis

281 1277 404 1372 (ardet
428 1279 525 1350 enim
547 1302 608 1349 cor
625 1303 748 1350 eorum
766 1277 810 1350 de
825 1281 932 1351 Jeru¹
959 1278 1044 1350 dum
1068 1278 1223 1378 loquitur
1243 1282 1296 1350 eis
1309 1283 1347 1350 in

281 1393 731 1490 vrit¹),subitovenerabilis
743 1394 803 1466 ille
815 1396 1347 1495 etDeopropinquus,quorum

277 1509 355 1605 jam
377 1509 602 1582 conversatio
615 1524 669 1581 est
684 1510 722 1580 in
739 1511 851 1601 coelis,
871 1511 1017 1593 chorus,
1036 1509 1082 1582 ab
1099 1509 1172 1582 alto
1194 1508 1344 1582 condes-

281 1625 441 1696 cendens
459 1625 495 1694 in
515 1625 604 1696 vaila
617 1626 779 1696 moeroris
801 1626 886 1716 mei,
908 1639 949 1696 ut
967 1639 1085 1722 patres
1105 1639 1141 1696 et
1165 1625 1289 1698 fratres
1311 1643 1348 1698 et

283 1740 348 1812 iiiii
366 1755 481 1828 aetate,
503 1741 660 1830 caritate,
685 1740 906 1831 obedientia,
924 1741 1061 1837 largam
1077 1764 1226 1813 manum
1245 1743 1348 1814 mise-

283 1856 446 1929 ricordiae
457 1857 645 1954 porrigunt
661 1883 671 1947 3
690 1871 726 1928 et
738 1881 818 1953 quae
830 1857 926 1947 vivo,
944 1881 1023 1954 quae
1037 1856 1208 1930 defuncto
1223 1858 1347 1930 suffra·

282 1973 339 2068 gia
353 1986 568 2071 preparent,
583 1986 617 2043 et
631 1995 721 2043 voce
738 1987 774 2044 et
786 1973 920 2070 scripto
931 1972 1172 2045 determinant
1187 2001 1194 2044 :
1208 1974 1347 2046 votive¹

283 2086 464 2185 siquidem
476 2086 583 2158 nobis
597 2085 674 2180 lege
687 2086 898 2159 inconvulsa
912 2089 1082 2179 veritatis,
1094 2113 1173 2187 quae
1186 2090 1346 2163 Christus

283 2218 349 2292 est,
370 2217 406 2274 et
418 2202 600 2300 presentis
616 2200 748 2274 charta
763 2203 965 2274 memoriali
974 2203 1248 2277 confirmatione
1263 2229 1346 2278 san·

282 2318 431 2409 cientes,
448 2333 524 2389 toto
540 2334 703 2414 tempore
717 2320 797 2389 vitae
812 2343 913 2409 meae,
930 2321 1030 2392 omni
1052 2320 1111 2393 die
1131 2321 1276 2392 missam
1299 2321 1345 2395 de

282 2434 420 2533 Spiritu
432 2447 552 2505 sancto
564 2433 752 2521 celebrari3
764 2448 805 2504 ut
817 2435 968 2532 Spiritus
982 2451 1122 2508 sanctus
1131 2437 1343 2534 paraclytus,

282 2551 345 2648 qui
362 2565 417 2622 est
432 2549 592 2621 remissio
618 2550 783 2621 omnium
809 2565 1052 2649 peccatorum,
1073 2551 1179 2625 nobis
1202 2569 1346 2652 peccata

281 2667 458 2756 remittat,
476 2663 760 2738 consolationem
779 2665 926 2757 tribuat,
945 2692 1066 2740 rorem
1094 2669 1346 2741 misericordiae

282 2779 464 2854 infundat.
485 2780 594 2877 Cujus
609 2781 723 2852 sancti
743 2780 904 2852 sacrificii
922 2784 1145 2856 continuatio
1161 2787 1260 2857 omni
1284 2783 1343 2857 die

282 2897 320 2967 in
343 2895 518 2995 capitulo,
543 2920 627 2966 cum
644 2895 861 2994 aprioribus
884 2897 1111 2970 sacerdotum
1141 2901 1280 2999 incepta
1310 2918 1346 2975 et

282 3013 467 3111 reincepta
491 3037 556 3111 per
577 3011 737 3106 juniores
760 3013 921 3109 ejusdem
947 3013 1084 3085 ordinis
1106 3017 1346 3112 percurrerit*

281 3127 540 3216 indeficienter,
556 3125 603 3197 ad
615 3128 754 3224 priores
763 3128 896 3200 redibit
906 3155 916 3219 ς
935 3144 972 3200 et
981 3127 1050 3200 hoc
1066 3129 1213 3226 quidem
1223 3156 1346 3229 quam·

280 3246 358 3337 diu,
376 3246 444 3318 Dei
460 3245 717 3336 misericordia,
736 3247 978 3344 supervixero.

330 3364 550 3433 Cumautem
557 3360 1342 3457 miserrimumhujusvitaehominemexuero,

282 3501 346 3577 per
359 3479 482 3550 omnia
498 3477 674 3550 curricula
691 3477 853 3548 omnium
871 3502 1052 3552 annorum
1069 3494 1104 3553 et
1122 3463 1342 3578 temporum,

281 3591 527 3691 proremedio
545 3593 670 3665 animm
689 3617 777 3666 meae
797 3608 833 3664 et
856 3592 1007 3666 fratrum
1024 3610 1060 3667 et
1074 3594 1345 3667 benefactorum

282 3707 450 3800 ecclesiae,
458 3733 502 3780 eo
510 3732 583 3805 quo
592 3706 746 3778 diximus
753 3707 1048 3799 ordine,missam
1057 3710 1169 3781 sancti
1179 3710 1342 3806 Spiritus,

284 3826 451 3921 Requiem
465 3839 649 3914 aeternam,
669 3838 704 3894 et
728 3824 1007 3921 pronunciantes
1034 3838 1069 3896 et
1097 3823 1341 3914 decantantes,

283 3937 442 4010 divinam
451 3936 556 4010 nobis
564 3938 625 4009 tali
639 3939 899 4037 perseverantia
910 3938 1071 4011 salutaris
1082 3938 1207 4012 hostiae
1219 3963 1345 4012 recon-

284 4052 454 4126 ciliabunt
465 4053 768 4152 propitiationem.
779 4055 1069 4127 Anniversarium
1081 4053 1257 4152 siquidem
1268 4079 1345 4126 exe-

285 4171 448 4268 quiarum
464 4195 628 4244 mearum
646 4170 757 4262 diem,
779 4170 877 4244 diem
895 4172 1057 4264 terroris,
1078 4171 1288 4245 calamitatis
1309 4184 1345 4241 et

324 4439 353 4498 1.
374 4442 423 4496 De
434 4439 505 4494 Iesu
517 4435 623 4495 desunt
634 4432 665 4492 in
678 4432 749 4492 edit.
766 4433 958 4494 cheam—2.
969 4439 1053 4494 Lucae
1062 4437 1186 4513 Evang„
1200 4455 1282 4515 xxxv,
1294 4440 1346 4499 32.

324 4533 353 4591 3.
369 4531 469 4588 Voriva
480 4527 586 4590 (ihesu.
601 4527 648 4586 ad.
663 4559 705 4574 —
725 4530 755 4588 ir.
772 4532 939 4588 Perrexert't
952 4528 1021 4590 edd.
1038 4527 1144 4593 Chesn.
1157 4540 1187 4589 et
1197 4529 1289 4590 Feiib.
