3742 5667
489 746 527 803 aa
706 736 871 801 mutnus
890 723 1106 799 columnas
1126 742 1177 797 nu
1197 739 1334 799 suurn.
1422 816 1427 825 ι

538 878 614 947 ΧΧ.
630 878 824 966 Necmora,
840 896 925 946 cum
939 873 1095 947 necdum
1111 873 1350 970 congelatum,
1360 870 1424 943 sed
1440 870 1549 970 liqui·

487 992 577 1065 dum
590 1005 762 1064 etrecens
780 988 900 1063 adbuc
916 1004 1179 1063 sacramentum
1200 986 1417 1080 floccifieret,
1428 990 1547 1085 Hugo,

484 1106 591 1203 longa
608 1120 833 1204 exasperatus
854 1106 1033 1205 captione,
1053 1106 1162 1180 instar
1177 1105 1275 1179 canis
1298 1104 1361 1178 diu
1379 1104 1548 1195 catenati,

484 1225 560 1323 qui,
574 1237 748 1321 concepta
770 1236 806 1293 et
831 1226 992 1295 retenta¹
1013 1221 1121 1319 longo
1149 1238 1311 1320 tempore
1341 1220 1378 1292 in
1397 1220 1549 1293 vinculis

482 1340 633 1430 insania,
663 1339 800 1411 solutus
834 1337 1106 1411 intolerabiliter
1129 1338 1287 1429 desaevit,
1324 1351 1549 1410 excatenatus

482 1454 625 1527 mordet
653 1469 690 1526 et
719 1452 901 1553 discerpit,
944 1452 1041 1526 haud
1070 1478 1171 1527 secus
1200 1458 1304 1551 Hugo
1324 1452 1546 1549 congelatam

482 1570 712 1669 liquefaciens
727 1568 936 1666 nequitiam,
954 1570 1127 1663 stimulat,
1146 1585 1283 1661 movet,
1310 1568 1357 1641 ad
1381 1568 1545 1643 fraudem

482 1686 670 1760 accelerat.
684 1684 956 1759 Confoederatus
971 1686 1080 1783 igitur
1104 1688 1205 1784 regni
1232 1685 1473 1778 desoederatis,
1493 1686 1545 1757 vi-

482 1802 612 1877 delicet
628 1803 788 1876 Palatino
805 1802 929 1875 comiti
944 1801 1153 1876 Theobaldo
1170 1820 1205 1876 et
1222 1804 1362 1901 egregio
1378 1805 1453 1900 regi
1469 1805 1544 1877 An·

482 1919 623 2017 glorum
639 1920 808 2008 Henrico,
827 1942 913 1989 cum
928 1916 1118 1990 dominum
1135 1942 1257 2016 regem
1271 1917 1492 1993 ludovicum
1505 1917 1543 1989 in

480 2032 686 2108 Flandriam
699 2059 766 2132 pro
781 2033 882 2130 regni
896 2034 1048 2129 negotiis
1063 2034 1312 2132 profecturum
1331 2034 1542 2134 accepisset,

481 2147 634 2221 collecto
661 2161 955 2244 quantocumque
984 2148 1148 2243 equitum
1174 2161 1210 2219 et
1242 2146 1404 2245 peditum
1426 2146 1544 2245 potuit

481 2263 650 2354 exercitu,
667 2260 857 2335 Puteolum
870 2276 1027 2334 castrum
1044 2264 1231 2335 restituere
1246 2262 1432 2352 deliberat,
1450 2260 1544 2359 adja-

479 2394 622 2452 centem
649 2402 779 2476 pagum
807 2390 870 2448 aut
898 2402 1065 2450 eversum
1102 2379 1144 2449 iri
1175 2393 1237 2450 aut
1269 2377 1335 2451 sibi
1368 2378 1544 2476 subjicere

481 2507 648 2566 maturat.
665 2493 853 2565 Transieus
873 2492 982 2587 igitur
1010 2491 1171 2591 quodam
1189 2493 1338 2567 sabbato
1354 2518 1419 2592 per
1445 2518 1544 2567 ever·

479 2634 561 2683 sum
580 2623 751 2697 castrum,
767 2607 832 2680 ubi
845 2621 966 2679 tamen
984 2608 1172 2705 publicum
1197 2608 1288 2705 regis
1309 2607 1544 2707 permissione

479 2723 624 2824 patebat
642 2722 777 2813 lorum,
799 2720 954 2793 mirabili
976 2719 1101 2795 fraude
1119 2724 1179 2795 bic
1197 2725 1437 2816 securitatem,
1453 2747 1544 2822 prae·

479 2863 571 2913 cone
587 2838 815 2929 vociferante,
825 2835 1058 2933 jurejurando
1070 2838 1282 2938 spondebat,
1301 2838 1437 2912 ibidem
1451 2864 1544 2938 quos

480 2953 627 3027 ditiores
643 2952 827 3025 addiscere
842 2954 854 2990 ⁸
872 2966 1012 3049 poterat
1026 2952 1211 3053 inopinato
1225 2956 1358 3029 carceri
1373 2955 1543 3029 detrude-

478 3066 568 3160 bat;
600 3084 637 3140 et
658 3082 699 3140 ut
718 3066 839 3139 bellua
866 3064 1047 3157 frendens,
1076 3083 1111 3140 et
1134 3070 1306 3168 quicquid
1331 3070 1545 3143 occurrebat

479 3183 700 3282 discerpens,
724 3182 934 3253 Tauriacum
964 3182 1087 3255 villam
1117 3184 1212 3258 beati
1243 3188 1403 3284 Dionysii
1425 3187 1545 3260 muni·

478 3314 553 3372 tam
569 3325 653 3373 cunt
667 3299 800 3371 comite
814 3297 1024 3370 Theobaldo
1041 3299 1258 3374 subvertere'
1270 3303 1432 3376 funditus
1448 3304 1545 3377 festi·

477 3430 553 3488 nat.
563 3414 756 3514 Quipridie
764 3438 832 3487 nos
843 3414 1157 3507 conveniens,doli
1165 3434 1201 3492 et
1212 3419 1379 3517 nequitiae
1395 3444 1540 3516 gnarus,

478 3529 593 3603 multa
623 3555 732 3630 prece
756 3544 796 3600 ut
820 3553 888 3628 pro
918 3554 962 3601 eo
994 3529 1040 3602 ad
1066 3532 1258 3606 dominum
1278 3560 1397 3633 regem
1429 3536 1543 3609 inter·

479 3643 606 3720 cedere
638 3644 766 3720 eadem
795 3643 855 3717 die
874 3646 1106 3720 transiremus
1125 3648 1355 3743 obtinuerat,
1380 3650 1542 3726 absentia

478 3768 595 3835 nostrl
622 3762 744 3836 villam
774 3761 910 3859 absque
937 3760 1150 3838 difficultate
1176 3766 1366 3841 arbitratus
1385 3769 1538 3867 ingredi,

477 3893 554 3968 aut,
572 3880 601 3951 si
612 3879 647 3951 ei
660 3878 848 3967 resistitur,
866 3878 1016 3951 omnino
1027 3879 1297 3956 delereverum
1306 3886 1370 3982 qui
1386 3886 1424 3958 in
1438 3902 1540 3987 parte

483 4149 489 4165 ,
519 4096 549 4152 l.
563 4096 681 4151 Retenta
695 4104 776 4171 quat.
795 4090 920 4166 codices,
942 4091 1068 4172 itemque
1087 4096 1156 4155 edd.
1176 4098 1276 4158 Germ.
1290 4111 1320 4159 et
1337 4099 1486 4162 Benedict.
1498 4134 1542 4149 -

477 4190 699 4265 acceptasset.
714 4219 755 4233 -
770 4191 857 4245 Teuta
874 4186 945 4246 edit.
961 4187 1068 4249 Chesu.

517 4287 547 4346 Ξ.
560 4287 701 4343 Addicere
717 4287 825 4343 lYllO.

517 4380 547 4439 3.
568 4376 615 4435 Sic
635 4375 749 4437 codices
770 4394 869 4436 omnes
887 4395 921 4434 ac
943 4374 1012 4435 edit.
1035 4379 1181 4440 Benedict.
1198 4412 1239 4428 -
1257 4388 1391 4443 Evertere
1413 4385 1443 4444 iu
1465 4385 1538 4446 reli-

476 4470 541 4549 quis
554 4470 622 4532 cdd.
