3742 5667
452 816 511 873 au
670 808 832 871 movens
852 790 1065 869 couniens
1085 810 1136 867 nn
1157 808 1290 867 suern.

596 1156 667 1204 m·
690 1156 739 1204 AD
755 1152 897 1202 Parnon
913 1151 1070 1201 matun
1087 1149 1358 1201 cnumcmsnu.

447 1426 534 1500 Snger
549 1424 614 1497 prie
631 1414 723 1476 t'abbo'
737 1420 775 1475 de
795 1420 887 1489 cruny
908 1412 1030 1473 d'c‘crire
1049 1436 1087 1473 au
1101 1436 1178 1492 pope
1193 1435 1268 1492 pour
1287 1419 1328 1472 lui
1348 1413 1513 1471 &masada

585 1510 762 1569 daccueillir
773 1508 992 1587 favorablemcm
1010 1508 1103 1567 aab&
1122 1512 1158 1567 de
1181 1508 1361 1586 Compie'gue.

922 1664 1028 1746 (nso)

493 1878 709 1970 Venerabili,
740 1880 805 1951 Dei
827 1879 952 1975 gratia,
975 1878 1200 1950 Cluniacensi
1223 1876 1345 1951 abbati
1371 1883 1500 1967 Petro,

444 1996 610 2093 Sugerius
626 1996 723 2068 Beati
737 1995 898 2094 Dionysii
913 1993 1039 2084 abbas,
1056 1993 1206 2065 salutern
1219 2008 1256 2066 et
1267 1993 1413 2066 devotas
1423 2018 1511 2067 ora·

443 2114 558 2186 tiones
575 2112 611 2183 in
626 2110 782 2185 Christo.

493 2232 650 2299 Honesta
675 2226 823 2300 materia
850 2250 998 2325 precum
1023 2225 1294 2298 multitudinem
1320 2239 1504 2298 coarctare

442 2344 641 2416 consuevit.
659 2342 748 2415 Inde
766 2357 819 2415 est
838 2341 941 2440 ‘quod
956 2368 1023 2441 pro
1040 2341 1189 2415 ecelesia
1205 2341 1501 2440 Compendiensi,

371 2540 378 2561 ·
441 2482 521 2555 quae
535 2473 713 2557 praecepto
730 2457 870 2530 domini
889 2481 990 2556 papae
1011 2456 1057 2529 de
1072 2458 1221 2555 antiquo
1246 2459 1283 2529 in
1304 2481 1405 2529 novae
1420 2456 1506 2528 reli·

439 2574 553 2670 gionis
571 2588 701 2647 statum
718 2587 853 2646 mutata
869 2588 937 2665 est,
957 2574 1180 2646 sanctitatem
1196 2589 1353 2646 vestram
1367 2572 1503 2646 obnixe

439 2715 621 2786 rogamus,
644 2690 811 2788 quatinus
834 2713 915 2761 earn
937 2688 1035 2788 apud
1057 2689 1255 2760 Dominum
1277 2686 1504 2761 orationibus

439 2804 564 2878 vestris
580 2804 769 2902 adjuvetis,
785 2819 823 2877 et
836 2803 985 2876 domino
999 2827 1099 2903 papae
1112 2819 1154 2876 ut
1167 2804 1329 2901 ejusdem
1342 2801 1503 2876 eoelesiae

438 2921 620 3014 abbatem,
638 2922 758 2993 virum
770 2919 1026 3010 venerabilem,
1041 2920 1276 3020 approbatam
1289 2943 1498 3019 personam,
1570 3000 1575 3007 ¹

437 3035 591 3133 benigne
609 3037 789 3134 suscipiat,
805 3050 841 3108 et
858 3050 1029 3133 tanquam
1045 3037 1148 3135 operi
1164 3060 1337 3107 manuum
1352 3058 1502 3106 suarum

437 3152 529 3225 siout
551 3151 632 3250 pius
647 3166 750 3250 pater
775 3166 810 3225 et
837 3150 1005 3224 dominus
1031 3151 1070 3223 in
1096 3150 1265 3223 omnibus
1294 3149 1499 3249 provideat,

438 3263 613 3339 scribatis.
635 3265 771 3338 Valete.

412 3372 419 3384 ’
485 3380 643 3451 Domino
661 3394 698 3452 et
714 3380 819 3478 patri,
844 3380 1054 3471 venerabili,
1082 3380 1147 3453 Dei
1168 3382 1296 3477 gratia,
1323 3378 1501 3452 Clareval·

433 3493 522 3567 lensi
545 3494 668 3569 abbati
685 3500 723 3567 B.
737 3498 762 3587 ¹,
781 3496 947 3592 sugerius
971 3496 1067 3568 Beati
1083 3496 1243 3595 Dionysii
1262 3494 1374 3568 abbas
1398 3493 1500 3566 idem

434 3604 609 3679 mandat¹.

472 3868 501 3925 t.
518 3865 679 3928 Bernardo.

472 3962 503 4019 2.
518 3962 561 4019 Ex
574 3960 691 4041 Chesn„
705 3965 755 4037 lV,
772 3965 841 4023 5116.
860 3995 900 4007 —
913 3966 980 4026 Rer.
992 3965 1092 4043 gallic.
1107 3968 1252 4040 scriptor„
1264 3965 1330 4041 XV,
1343 3963 1413 4023 527.
