3742 5667
520 821 579 880 eso
743 816 910 877 onuvuus
931 797 1144 876 consumas
1164 817 1215 875 na
1235 816 1366 877 suana.

520 968 706 1027 tantorum
730 951 936 1043 devotione,
960 949 1068 1022 tantis
1087 948 1350 1049 protectoribus
1372 948 1594 1024 commoda·

521 1082 599 1142 tum
619 1070 649 1142 si
664 1070 745 1169 quis
760 1066 950 1142 temerario
968 1090 1058 1137 ausu
1080 1066 1222 1140 auferre
1249 1082 1312 1141 ant
1332 1067 1486 1141 scienter
1512 1067 1592 1139 mi-

520 1210 633 1259 nuere
666 1184 955 1286 praesumpserit,
990 1180 1116 1255 domni
1148 1183 1311 1282 Dionysii
1338 1183 1517 1256 offensam
1549 1198 1585 1258 et

520 1302 672 1402 Spiritus
688 1300 801 1375 sancti
816 1324 992 1372 mucrone
1010 1298 1152 1398 periodi
1169 1314 1361 1374 mereatur.

571 1423 643 1491 Nec
658 1417 750 1491 illud
762 1418 871 1491 etiam
888 1417 992 1492 silere
1011 1419 1161 1515 dignum
1177 1415 1356 1508 duximus,
1376 1414 1476 1516 quod
1493 1414 1591 1489 dum

520 1534 714 1635 praelatum
734 1535 819 1607 novi
845 1536 1029 1631 augmenti
1057 1560 1149 1634 opus
1172 1532 1345 1634 capitellis
1366 1549 1403 1606 et
1423 1532 1590 1606 mcubus

513 1648 766 1749 superioribus
788 1664 823 1721 et
840 1649 887 1722 ad
902 1649 1104 1724 altitudinis
1120 1674 1292 1723 cacumen
1308 1649 1588 1752 produceretur,

520 1792 607 1840 cum
626 1766 782 1839 necdum
796 1766 1012 1865 principales
1028 1791 1130 1839 arcus
1148 1766 1372 1864 singulariter
1385 1766 1493 1839 veluti
1508 1765 1593 1837 vol-

522 1899 641 1955 tarum
654 1883 800 1956 cumulo
812 1883 1047 1974 cohaererent,
1063 1881 1233 1955 terribilis
1258 1898 1294 1955 et
1306 1907 1398 1982 pene
1414 1880 1592 1954 tolerabi-

524 1998 566 2070 lis
582 1997 855 2071 obnubilatione
866 1998 1033 2089 nubium,
1055 1998 1291 2072 inundatione
1305 1998 1493 2091 imbrium,
1518 1998 1591 2068 im·

475 2165 481 2181 .
523 2130 608 2213 petu
626 2112 846 2187 validissimo
869 2130 1058 2189 ventorum
1088 2115 1208 2188 subito
1225 2115 1445 2214 tempestatis
1463 2127 1593 2185 exorta

524 2244 577 2302 est
592 2230 747 2329 procella
765 2258 776 2322 ;
793 2256 871 2329 quae
888 2231 1108 2330 usqueadeo
1131 2231 1294 2319 invaluit,
1311 2247 1352 2305 ut
1374 2256 1449 2303 uon
1467 2227 1591 2303 solum

525 2344 658 2418 validas
680 2344 824 2438 domos,
854 2346 1047 2420 sedetiam
1071 2348 1228 2445 lapideas
1250 2363 1367 2420 turres
1391 2362 1427 2419 et
1453 2346 1593 2443 ligneas

526 2461 686 2557 tristegas
699 2462 930 2535 concusserit.
958 2468 1009 2536 Ea
1022 2467 1246 2564 tempestate,
1262 2463 1421 2561 quadam
1435 2462 1509 2556 die,
1530 2488 1593 2535 an-

526 2578 724 2649 niversario
754 2576 899 2675 gloriosi
921 2579 1116 2677 Dagoberti
1134 2581 1248 2678 regis,
1267 2606 1352 2654 curn
1377 2578 1592 2654 venerabilis

526 2692 754 2765 carnotensis
786 2695 973 2794 episcopus
1003 2694 1206 2769 Gaufredus
1237 2697 1362 2769 missas
1393 2696 1591 2793 gratiarum

525 2833 593 2906 pro
609 2807 728 2879 anima
747 2809 908 2907 ejusdem
926 2812 962 2882 in
987 2827 1169 2885 conventu
1189 2811 1237 2885 ad
1255 2812 1368 2885 altare
1391 2810 1591 2912 principale

526 2922 651 2995 festive
667 2923 877 3019 celebraret,
896 2940 1016 2998 tantus
1036 2927 1288 3026 oppositorum
1302 2944 1494 3001 ventorum
1520 2928 1592 2999 im·

523 3052 626 3136 petus
638 3038 803 3137 praefatos
813 3064 917 3119 arcus
931 3041 1031 3114 nullo
1043 3042 1211 3116 suffultos
1219 3043 1343 3145 podio,
1362 3043 1469 3115 nullis
1490 3043 1590 3115 reni·

526 3166 640 3225 tentes
670 3154 845 3251 suffragiis
875 3158 1115 3256 impingebat,
1154 3174 1194 3231 ut
1227 3158 1476 3233 miserabiliter
1519 3174 1591 3232 tre-

476 3301 480 3311 ·
525 3268 628 3359 muli,
645 3270 1589 3374 etquasihincetindelluctuantessubitopestiferam

523 3383 750 3456 minarentur
777 3386 931 3459 ruinam.
961 3392 1126 3477 Quorum
1144 3390 1293 3488 quidem
1319 3406 1589 3491 operturarum-

525 3523 596 3597 que
617 3500 870 3598 impulsionem
884 3528 969 3575 cum
990 3505 1179 3604 episcopus
1203 3523 1469 3606 expavesceret,
1496 3530 1588 3606 saepe

526 3640 673 3688 manum
686 3615 946 3693 benedictionis
957 3621 994 3693 in
1009 3645 1049 3693 ea
1071 3638 1173 3720 parte
1190 3622 1418 3716 extendebat,
1443 3640 1480 3697 et
1504 3622 1590 3696 bra·

523 3730 646 3802 chium
659 3734 772 3805 sancti
792 3736 886 3808 senis
905 3738 1080 3808 Simeonis
1094 3738 1267 3834 signando
1279 3740 1455 3813 instanter
1470 3764 1588 3840 oppo-

523 3847 645 3937 nebat,
664 3865 707 3921 ut
725 3852 912 3925 manifeste
928 3853 1025 3925 nulla
1041 3856 1096 3925 sut
1112 3857 1324 3949 constantia,
1349 3857 1412 3930 sed
1429 3856 1506 3929 sola
1521 3859 1586 3929 Dei

523 3964 654 4061 pietate
680 3980 715 4038 et
732 3968 947 4041 Sanctorum
963 3970 1093 4042 merito
1116 3972 1258 4045 ruinam
1271 3972 1422 4046 evadere
1437 3998 1585 4073 appare·

524 4094 590 4150 ret.
609 4080 738 4178 Sicque
757 4106 841 4153 cum
858 4084 981 4157 multis
997 4084 1033 4156 in
1056 4085 1144 4159 locis
1163 4087 1388 4178 firmissimis,
1420 4105 1459 4163 ut
1485 4105 1588 4191 puta·
1709 4101 1710 4122 ¹

523 4192 643 4286 batur,
658 4195 814 4269 aedificiis
823 4200 933 4271 multa
949 4202 1135 4275 ruinarum
1152 4203 1383 4277 incommoda
1392 4204 1582 4298 intulisset,

523 4310 655 4383 virtute
672 4312 813 4410 repulsa
829 4313 962 4406 divina,
982 4317 1219 4392 titubantibus
1234 4320 1271 4393 in
1288 4321 1361 4394 alto
1376 4320 1460 4394 solis
1479 4337 1515 4394 et
1528 4347 1585 4395 re·

524 4423 688 4497 centibus
700 4428 869 4522 arcubus,
883 4432 974 4505 nihil
982 4434 1143 4533 proferre
1154 4437 1340 4535 praevaluit
1347 4437 1579 4511 incommodi.

544 4591 549 4602 .
574 4544 745 4618 Secutum
757 4560 810 4618 est
829 4546 928 4620 aliud
948 4548 1098 4645 dignum
1114 4554 1285 4626 memoria
1314 4553 1463 4646 sactum,
1488 4554 1585 4654 quod
