3742 5667
426 777 497 835 sua
518 776 589 835 SON
610 774 929 835 lthletathott
950 774 1166 837 labamus.
1269 774 1328 831 175

269 926 368 983 tuum
382 908 595 983 mirabiliter
610 932 734 1008 capax,
752 909 782 981 si
799 932 874 981 non
889 922 1037 981 vexetur
1052 930 1073 979 a
1088 902 1326 979 servientibus

267 1026 403 1099 domini
424 1025 529 1121 regis,
560 1049 623 1097 scu
643 1026 789 1117 nostris,
815 1022 986 1098 omnibus
1008 1022 1117 1095 bonis
1141 1020 1323 1093 exuberat.

267 1148 362 1236 Quae,
381 1166 447 1241 per
462 1141 639 1215 incuriam
654 1147 952 1241 procuratorum¹
973 1164 1054 1213 raro
1072 1138 1206 1211 inculta
1222 1135 1326 1207 babi-

267 1274 393 1351 tatore,
412 1256 460 1329 ad
480 1272 618 1331 tantam
639 1257 880 1332 declinaverat
904 1258 1079 1357 inopiam,
1104 1269 1158 1345 ut,
1178 1248 1326 1326 eumad
1363 1284 1365 1289 ·

267 1398 440 1448 cameram
461 1374 780 1447 calciamentorum
808 1372 964 1446 ecclesiae
981 1372 1088 1470 hujus
1111 1371 1322 1470 pertineret,

267 1490 362 1564 nullo
376 1488 487 1563 modo
502 1514 544 1562 ea
557 1490 761 1590 persolvere
773 1490 917 1562 valeret.
931 1487 1020 1561 Inde
1030 1486 1230 1586 eratquod,
1241 1510 1327 1558 cum

266 1610 425 1681 inmanu
440 1606 582 1679 abbatis
596 1632 664 1706 pro
674 1606 817 1679 delectu
833 1604 948 1679 debiti
964 1618 1181 1696 remaneret,
1201 1605 1328 1700 singu-

267 1725 307 1796 lis
317 1726 420 1797 annis
437 1722 674 1796 servientibus
691 1722 853 1819 ejusdem
869 1736 972 1794 terrae
987 1745 1055 1820 pro
1070 1721 1216 1817 triginta
1224 1718 1327 1796 libris

268 1840 418 1913 totaliter
437 1864 518 1912 eam
534 1838 689 1913 locabat.
705 1842 831 1937 ,Quam
846 1863 932 1911 cum
949 1835 1156 1937 dissipatam
1180 1854 1216 1912 et
1233 1865 1326 1939 pene

266 1958 299 2029 in
323 1955 553 2029 solitudinem
580 1955 760 2029 redactam
780 1956 818 2028 in
843 1956 1003 2029 novitate
1022 1956 1240 2054 praelationis
1258 1982 1325 2030 no-

268 2088 342 2145 stre
363 2072 633 2171 reperissemus,
662 2071 872 2145 charissimo
901 2072 1052 2145 domino
1084 2086 1213 2145 nostro
1251 2074 1327 2169 regi

268 2192 481 2261 Francorum
512 2187 712 2279 Ludovico,
747 2188 849 2285 cujus
877 2188 1058 2261 nobilitati
1089 2203 1163 2259 tam
1197 2188 1327 2262 devote

267 2328 370 2400 quam
395 2302 549 2375 fideliter
568 2302 749 2376 deservire
776 2302 1036 2398 satagebamus,
1061 2318 1202 2375 tantum
1218 2305 1327 2378 eccle·

268 2419 319 2490 siae
330 2418 590 2491 detrimentum
608 2420 850 2518 exposuimus.
878 2420 950 2506 Qui
966 2420 1074 2491 etiam
1089 2419 1127 2491 in
1143 2420 1212 2493 bac
1229 2436 1323 2494 terra

266 2534 501 2608 intolerabiles
522 2550 558 2608 et
577 2560 669 2633 pene
685 2535 954 2633 consumptivas
970 2535 1248 2609 eonsuetudines
1263 2537 1324 2609 ha-

268 2650 384 2745 bebat,
400 2651 569 2724 videlicet
584 2666 656 2723 tres
675 2652 711 2723 in
728 2676 825 2723 anno
847 2652 1132 2750 procurationes,
1148 2678 1260 2725 unam
1275 2653 1321 2726 de

268 2768 426 2841 collecta²
441 2768 675 2857 rusticorum,
689 2765 941 2839 sufficientem·
955 2782 1031 2841 tam
1048 2768 1114 2841 sibi
1127 2794 1236 2868 quam
1250 2770 1323 2841 suis

269 2882 633 2975 amministrantibus‘,
652 2883 742 2956 duas
755 2882 802 2955 de
815 2882 973 2981 propriis
988 2883 1190 2957 redditibus
1204 2887 1323 2958 Sancti

269 2999 433 3096 Dionysii,
453 3024 523 3095 qua
538 2998 739 3071 calamitalc
758 3013 853 3070 terra
868 2999 1013 3097 penitus
1026 2999 1320 3075 consumebatur.

270 3117 346 3203 Qui,
362 3130 403 3187 ut
419 3128 494 3187 erat
512 3115 650 3187 eximiae
675 3114 909 3206 liberalitatis,
929 3115 1084 3189 ecclesiae
1105 3131 1245 3189 tantum
1264 3116 1325 3189 de·

271 3229 468 3301 trimentum
491 3246 527 3303 et
549 3256 752 3329 pauperum
776 3232 937 3325 angarias
956 3233 1166 3325 miseratus,
1190 3233 1325 3305 amoris

270 3359 301 3417 et
314 3344 450 3419 servicii
474 3347 587 3419 nostri
603 3346 805 3439 benivolus,
829 3348 1123 3445 procurationem
1150 3348 1251 3422 illam
1279 3349 1325 3423 de

271 3460 522 3534 dominicatura
551 3462 706 3535 ecclesiae
728 3481 764 3535 et
782 3461 888 3535 nobis
904 3464 941 3534 in
958 3478 1174 3562 perpetuum
1196 3466 1326 3537 relaxa-

270 3576 324 3651 rit.
350 3577 452 3651 Illam
469 3603 570 3671 vero,
597 3604 678 3677 quae
698 3576 807 3651 fiebat
827 3577 874 3651 de
903 3578 1051 3652 collecta
1088 3580 1321 3671 rusticorum,

270 3709 342 3768 octo
357 3694 532 3768 librarum
547 3694 672 3768 debito
689 3696 834 3793 singulis
849 3696 952 3769 annis
972 3694 1040 3768 sub
1056 3711 1235 3796 praecepto
1261 3722 1320 3769 re·
1362 3698 1370 3715 ‘

270 3812 323 3907 gie
351 3813 545 3913 maJestatis
573 3811 741 3885 firmavit.
774 3812 883 3911 Cujus
911 3812 1094 3886 exhilarati
1126 3812 1319 3905 beneficio,

271 3946 443 4031 usurpatas
459 3946 495 4004 et
507 3930 675 4005 alienatas
687 3946 763 4004 tam
778 3952 800 4005 a
816 3930 952 4028 majore
965 3955 1076 4029 quam
1091 3928 1138 4002 ab
1156 3928 1234 4002 aliis
1248 3944 1323 4002 ter·

303 4142 332 4198 l.
351 4141 566 4198 Procurator-um
588 4138 655 4201 cod.
677 4158 733 4200 ms.
757 4170 797 4184 -
817 4137 1018 4199 Habitaturum
1036 4136 1107 4200 edit.
1131 4136 1251 4209 chesn,
1272 4136 1323 4196 sed

270 4229 470 4397 mig-comm,
488 4324 636 4403 mendose,
650 4324 698 4385 ed.
715 4323 822 4386 Chesn.

305 4420 333 4477 3.
342 4418 551 4495 sufficientiam
564 4418 630 4479 rod.
648 4438 703 4482 ms.

304 4515 332 4570 l.
344 4516 621 4573 Ammt‘m'strantium
633 4512 701 4573 cod.
717 4533 772 4575 ms.
