3742 5667
516 792 572 851 ssa
734 772 902 847 mutans
921 770 1132 849 cosumus
1152 790 1201 848 oa
1220 788 1353 853 suom.

516 918 801 1019 promptissimos
837 935 1001 1020 sumptus
1031 921 1106 993 lere
1129 920 1437 1019 'septingentarum
1461 920 1577 995 libra·

517 1058 599 1107 rum
621 1049 682 1109 aut
700 1060 744 1109 eo
767 1036 918 1136 amplius
945 1034 1259 1131 administraverit,
1285 1036 1576 1135 peragendorum

518 1150 772 1249 supplementis
800 1150 1066 1225 liberalissimus
1104 1151 1282 1225 Dominus
1312 1152 1467 1227 deficere
1494 1177 1576 1227 non

518 1266 716 1341 sustinebit.
735 1271 796 1341 Est
811 1267 946 1341 etenim
960 1268 1101 1341 initium
1118 1282 1154 1340 et
1169 1266 1264 1342 finis.

741 1504 849 1575 XXX.
869 1506 923 1573 De
946 1507 1165 1577 ornamentis
1185 1500 1353 1575 ccclesia.

567 1706 871 1781 ornamentorum
893 1708 1000 1780 etiam
1017 1708 1171 1782 ecclesia
1187 1706 1478 1807 descriptionem,
1491 1705 1577 1804 qui·

518 1820 586 1895 bus
599 1846 726 1895 manus
744 1821 865 1895 divina
873 1820 1190 1897 administrationis
1197 1837 1328 1897 nostrae
1339 1837 1507 1921 tempore
1520 1844 1577 1893 ec·

518 1936 660 2011 clesiam
671 1962 773 2011 suam
788 1962 956 2037 sponsam
971 1954 1133 2013 vocatam
1146 1938 1343 2029 exornavit,
1361 1963 1407 2010 ne
1416 1936 1578 2010 veritatis

518 2053 643 2127 aemula
663 2052 833 2154 subrepat
848 2055 985 2129 oblivio
1002 2071 1039 2129 et
1054 2055 1257 2155 exemplum
1274 2054 1410 2128 auferat
1429 2051 1576 2149 agendi,

519 2169 700 2243 intitulare
725 2167 874 2265 dignum
906 2166 1087 2247 duiimus.
1107 2171 1305 2244 Dominum
1326 2184 1494 2243 nostrum
1523 2182 1580 2239 ter

518 2282 665 2357 beatum
673 2285 884 2383 Dionysium
901 2300 976 2358 tam
991 2286 1144 2383 largum,
1153 2301 1229 2359 tam
1239 2284 1435 2382 benignum
1443 2298 1483 2356 et
1491 2304 1580 2355 con·

519 2400 664 2473 litemur
678 2414 714 2475 et
729 2400 974 2500 praedicamus,
986 2419 1028 2477 ut
1042 2417 1098 2476 tot
1113 2418 1149 2476 et
1163 2416 1262 2477 tanta
1276 2400 1465 2476 credamus
1477 2395 1579 2498 apud

464 2566 469 2578 .
520 2518 635 2587 Deum
645 2514 817 2609 effecisse,
830 2532 886 2591 tot
897 2532 934 2592 et
942 2518 1265 2618 tantaimpetrasse,
1276 2530 1316 2588 ut
1329 2513 1581 2615 centupliciter

520 2654 629 2728 quam
642 2631 829 2705 fecerimus
836 2632 998 2707 'ecclesiae
1009 2632 1104 2707 illius
1116 2633 1307 2733 profecisse
1315 2628 1576 2731 potuissemus,

520 2746 547 2818 si
563 2746 728 2844 fragilitas
745 2748 915 2841 humana,
935 2750 963 2821 si
979 2749 1129 2823 varietas
1144 2764 1359 2849 temporum,
1378 2748 1408 2821 si
1428 2744 1580 2819 mobili·

521 2875 573 2934 tas
582 2885 727 2935 morum
738 2889 811 2936 non
825 2865 1022 2939 restitisset.
1033 2870 1122 2955 Qua
1130 2880 1250 2939 umen
1259 2866 1306 2960 ei,
1316 2870 1393 2938 Deo
1401 2863 1578 2952 donante,

521 2979 791 3073 reservavimus,
808 2978 885 3052 haec
902 2996 999 3053 sunt.

729 3242 852 3312 XXXl.
869 3244 922 3311 De
932 3237 1052 3311 tabula
1063 3238 1175 3312 aurea
1182 3240 1369 3338 superiori.

571 3445 611 3515 ln
629 3441 751 3515 tabula
772 3443 845 3537 illa,
863 3468 944 3542 quae
962 3457 1045 3517 ante
1064 3444 1340 3518 sacntissimum
1355 3466 1488 3542 corpus
1502 3440 1581 3538 ejus

521 3557 662 3649 assistit,
680 3560 822 3633 circiter
833 3560 1066 3659 quadraginta
1080 3558 1170 3635 duas
1178 3557 1582 3657 marcas¹auriposuissc

522 3696 588 3746 nos
600 3675 826 3765 aestimamus,
844 3700 1066 3772 gemmarum
1081 3677 1326 3776 preciosarum
1341 3672 1582 3773 multiplicem

522 3789 676 3888 copiam,
693 3791 946 3889 jacinctorum,
967 3789 1196 3884 rubetorum‚
1223 3790 1463 3891 saphirorum,
1482 3809 1580 3859 sma-

522 3902 724 4002 ragdinum,
749 3908 986 4007 topaziorum,
1003 3931 1144 3980 necnon
1160 3922 1196 3979 et
1212 3932 1304 4006 opus
1331 3902 1582 3977 discriminan-

521 4020 613 4094 tium
624 4022 819 4095 unionum¹
841 4036 1015 4120 quantam
1027 4047 1093 4096 nos
1111 4023 1266 4121 reperire
1286 4042 1472 4119 nunquam
1489 4040 1581 4116 prae·

562 4238 592 4296 l.
608 4238 678 4311 Qua
692 4255 833 4297 summam
844 4234 958 4297 circiter
969 4241 1002 4298 at
1016 4238 1073 4297 too
1086 4235 1226 4297 librarum
1238 4234 1442 4295 hodiemarnm
1452 4230 1585 4293 efficiunt

492 4411 497 4427 '
522 4326 741 4485 allelllllllrva
755 4422 866 4485 nullum
879 4422 927 4485 hic
940 4424 1122 4485 adamantem
1138 4442 1308 4499 occurrere3
1321 4440 1374 4484 nec
1389 4420 1507 4495 mirum,
1518 4429 1583 4479 arte

524 4511 609 4598 liujus
620 4516 799 4599 perpoliendi
810 4518 937 4581 nondum
952 4517 1068 4580 invenit
1084 4516 1231 4597 (Herod).
