<?xml version="1.0" encoding="UTF-8"?>
<!DOCTYPE html PUBLIC "-//W3C//DTD XHTML 1.0 Transitional//EN"
    "http://www.w3.org/TR/xhtml1/DTD/xhtml1-transitional.dtd">
<html xmlns="http://www.w3.org/1999/xhtml" xml:lang="en" lang="en">
 <head>
  <title>
</title>
<meta http-equiv="Content-Type" content="text/html;charset=utf-8" />
  <meta name='ocr-system' content='tesseract 3.04.00' />
  <meta name='ocr-capabilities' content='ocr_page ocr_carea ocr_par ocr_line ocrx_word'/>
</head>
<body>
  <div class='ocr_page' id='page_1' title='image "./oeuvrescompltes00sugegoog_0370.png"; bbox 0 0 3742 5667; ppageno 0'>
   <div class='ocr_carea' id='block_1_1' title="bbox 517 761 1392 844">
    <p class='ocr_par' dir='ltr' id='par_1_1' title="bbox 517 761 1392 844">
     <span class='ocr_line' id='line_1_1' title="bbox 517 761 1392 844; baseline -0.003 -2"><span class='ocrx_word' id='word_1_1' title='bbox 517 786 576 844; x_wconf 78' lang='lat' dir='ltr'><strong>aas</strong></span> <span class='ocrx_word' id='word_1_2' title='bbox 734 783 898 843; x_wconf 83' lang='lat' dir='ltr'><strong>muvnrs</strong></span> <span class='ocrx_word' id='word_1_3' title='bbox 918 767 1132 843; x_wconf 79' lang='lat' dir='ltr'><strong>cournrrrs</strong></span> <span class='ocrx_word' id='word_1_4' title='bbox 1147 783 1198 841; x_wconf 82' lang='lat' dir='ltr'><strong>nn</strong></span> <span class='ocrx_word' id='word_1_5' title='bbox 1218 781 1352 842; x_wconf 84' lang='lat' dir='ltr'><strong>suom.</strong></span> <span class='ocrx_word' id='word_1_6' title='bbox 1387 761 1392 772; x_wconf 87' lang='lat'>&#39;</span> 
     </span>
    </p>
   </div>
   <div class='ocr_carea' id='block_1_2' title="bbox 414 907 1579 3994">
    <p class='ocr_par' dir='ltr' id='par_1_2' title="bbox 514 907 1579 1912">
     <span class='ocr_line' id='line_1_2' title="bbox 516 907 1579 1012; baseline -0.004 -24"><span class='ocrx_word' id='word_1_7' title='bbox 516 911 609 988; x_wconf 84' lang='lat' dir='ltr'><strong>Villa</strong></span> <span class='ocrx_word' id='word_1_8' title='bbox 634 911 760 1008; x_wconf 84' lang='lat' dir='ltr'><strong>viginti</strong></span> <span class='ocrx_word' id='word_1_9' title='bbox 778 911 925 986; x_wconf 88' lang='lat' dir='ltr'><strong>solidos.</strong></span> <span class='ocrx_word' id='word_1_10' title='bbox 953 917 996 985; x_wconf 81' lang='lat' dir='ltr'><strong>Et</strong></span> <span class='ocrx_word' id='word_1_11' title='bbox 1012 909 1080 986; x_wconf 82' lang='lat' dir='ltr'><strong>de¹</strong></span> <span class='ocrx_word' id='word_1_12' title='bbox 1100 912 1278 1012; x_wconf 86' lang='lat' dir='ltr'><strong>marsupio</strong></span> <span class='ocrx_word' id='word_1_13' title='bbox 1294 907 1522 986; x_wconf 85' lang='lat' dir='ltr'><strong>oambiatoris</strong></span> <span class='ocrx_word' id='word_1_14' title='bbox 1536 924 1579 984; x_wconf 85' lang='lat' dir='ltr'><strong>et</strong></span> 
     </span>
     <span class='ocr_line' id='line_1_3' title="bbox 516 1027 1577 1128; baseline 0 -26"><span class='ocrx_word' id='word_1_15' title='bbox 516 1028 728 1102; x_wconf 84' lang='lat' dir='ltr'><strong>thelonearii</strong></span> <span class='ocrx_word' id='word_1_16' title='bbox 742 1027 978 1127; x_wconf 82' lang='lat' dir='ltr'><strong>quadraginta</strong></span> <span class='ocrx_word' id='word_1_17' title='bbox 1000 1029 1145 1120; x_wconf 86' lang='lat' dir='ltr'><strong>solidos,</strong></span> <span class='ocrx_word' id='word_1_18' title='bbox 1168 1053 1236 1128; x_wconf 90' lang='lat' dir='ltr'><strong>pro</strong></span> <span class='ocrx_word' id='word_1_19' title='bbox 1255 1053 1297 1102; x_wconf 87' lang='lat' dir='ltr'><strong>ea</strong></span> <span class='ocrx_word' id='word_1_20' title='bbox 1319 1051 1577 1127; x_wconf 85' lang='lat' dir='ltr'><strong>recompensa-</strong></span> 
     </span>
     <span class='ocr_line' id='line_1_4' title="bbox 517 1142 1577 1242; baseline 0.001 -25"><span class='ocrx_word' id='word_1_21' title='bbox 517 1145 613 1218; x_wconf 87' lang='lat' dir='ltr'><strong>tione</strong></span> <span class='ocrx_word' id='word_1_22' title='bbox 627 1142 727 1242; x_wconf 89' lang='lat' dir='ltr'><strong>quod</strong></span> <span class='ocrx_word' id='word_1_23' title='bbox 742 1169 809 1218; x_wconf 92' lang='lat' dir='ltr'><strong>nos</strong></span> <span class='ocrx_word' id='word_1_24' title='bbox 823 1146 1036 1218; x_wconf 79' lang='lat' dir='ltr'><strong>retraximus</strong></span> <span class='ocrx_word' id='word_1_25' title='bbox 1053 1144 1099 1217; x_wconf 94' lang='lat' dir='ltr'><strong>de</strong></span> <span class='ocrx_word' id='word_1_26' title='bbox 1117 1167 1228 1216; x_wconf 88' lang='lat' dir='ltr'><strong>manu</strong></span> <span class='ocrx_word' id='word_1_27' title='bbox 1248 1143 1372 1216; x_wconf 87' lang='lat' dir='ltr'><strong>Urselli</strong></span> <span class='ocrx_word' id='word_1_28' title='bbox 1390 1143 1502 1219; x_wconf 86' lang='lat' dir='ltr'><strong>Judaei</strong></span> <span class='ocrx_word' id='word_1_29' title='bbox 1526 1143 1577 1218; x_wconf 87' lang='lat' dir='ltr'><strong>de</strong></span> 
     </span>
     <span class='ocr_line' id='line_1_5' title="bbox 514 1259 1578 1360; baseline 0.001 -28"><span class='ocrx_word' id='word_1_30' title='bbox 514 1263 639 1334; x_wconf 88' lang='lat' dir='ltr'><strong>Monte</strong></span> <span class='ocrx_word' id='word_1_31' title='bbox 660 1260 883 1334; x_wconf 84' lang='lat' dir='ltr'><strong>Moreneiaco</strong></span> <span class='ocrx_word' id='word_1_32' title='bbox 904 1259 1031 1333; x_wconf 88' lang='lat' dir='ltr'><strong>decem</strong></span> <span class='ocrx_word' id='word_1_33' title='bbox 1055 1259 1206 1351; x_wconf 84' lang='lat' dir='ltr'><strong>solidos,</strong></span> <span class='ocrx_word' id='word_1_34' title='bbox 1232 1284 1324 1357; x_wconf 90' lang='lat' dir='ltr'><strong>quos</strong></span> <span class='ocrx_word' id='word_1_35' title='bbox 1355 1259 1578 1360; x_wconf 83' lang='lat' dir='ltr'><strong>accipiebat&#39;</strong></span> 
     </span>
     <span class='ocr_line' id='line_1_6' title="bbox 516 1374 1574 1472; baseline -0.001 -22"><span class='ocrx_word' id='word_1_36' title='bbox 516 1375 617 1450; x_wconf 93' lang='lat' dir='ltr'><strong>omni</strong></span> <span class='ocrx_word' id='word_1_37' title='bbox 629 1374 860 1448; x_wconf 89' lang='lat' dir='ltr'><strong>hebdomada</strong></span> <span class='ocrx_word' id='word_1_38' title='bbox 872 1377 909 1447; x_wconf 90' lang='lat' dir='ltr'><strong>in</strong></span> <span class='ocrx_word' id='word_1_39' title='bbox 922 1375 1052 1449; x_wconf 92' lang='lat' dir='ltr'><strong>eodem</strong></span> <span class='ocrx_word' id='word_1_40' title='bbox 1067 1377 1248 1472; x_wconf 90' lang='lat' dir='ltr'><strong>marsupio</strong></span> <span class='ocrx_word' id='word_1_41' title='bbox 1266 1376 1451 1449; x_wconf 81' lang='lat' dir='ltr'>occasione</span> <span class='ocrx_word' id='word_1_42' title='bbox 1472 1375 1574 1449; x_wconf 82' lang='lat' dir='ltr'><strong>vadi-</strong></span> 
     </span>
     <span class='ocr_line' id='line_1_7' title="bbox 516 1488 1575 1592; baseline 0.001 -28"><span class='ocrx_word' id='word_1_43' title='bbox 516 1490 641 1565; x_wconf 91' lang='lat' dir='ltr'><strong>monii.</strong></span> <span class='ocrx_word' id='word_1_44' title='bbox 666 1488 907 1590; x_wconf 87' lang='lat' dir='ltr'><strong>Expendimus</strong></span> <span class='ocrx_word' id='word_1_45' title='bbox 931 1491 1030 1564; x_wconf 90' lang='lat' dir='ltr'><strong>enim</strong></span> <span class='ocrx_word' id='word_1_46' title='bbox 1050 1491 1118 1563; x_wconf 89' lang='lat' dir='ltr'><strong>tria</strong></span> <span class='ocrx_word' id='word_1_47' title='bbox 1140 1489 1251 1563; x_wconf 88' lang='lat' dir='ltr'><strong>millia</strong></span> <span class='ocrx_word' id='word_1_48' title='bbox 1279 1490 1477 1564; x_wconf 90' lang='lat' dir='ltr'><strong>solidorum</strong></span> <span class='ocrx_word' id='word_1_49' title='bbox 1503 1515 1575 1592; x_wconf 92' lang='lat' dir='ltr'><strong>pro</strong></span> 
     </span>
     <span class='ocr_line' id='line_1_8' title="bbox 516 1604 1573 1705; baseline 0 -25"><span class='ocrx_word' id='word_1_50' title='bbox 516 1605 730 1680; x_wconf 87' lang='lat' dir='ltr'><strong>retractione</strong></span> <span class='ocrx_word' id='word_1_51' title='bbox 741 1606 872 1680; x_wconf 90' lang='lat' dir='ltr'><strong>horum</strong></span> <span class='ocrx_word' id='word_1_52' title='bbox 888 1605 1131 1694; x_wconf 86' lang='lat' dir='ltr'><strong>denariorum,</strong></span> <span class='ocrx_word' id='word_1_53' title='bbox 1147 1619 1185 1678; x_wconf 89' lang='lat' dir='ltr'><strong>et</strong></span> <span class='ocrx_word' id='word_1_54' title='bbox 1200 1604 1292 1678; x_wconf 83' lang='lat' dir='ltr'><strong>illius</strong></span> <span class='ocrx_word' id='word_1_55' title='bbox 1306 1605 1397 1680; x_wconf 77' lang='lat' dir='ltr'><strong>villae</strong></span> <span class='ocrx_word' id='word_1_56' title='bbox 1412 1627 1493 1705; x_wconf 82' lang='lat' dir='ltr'><strong>quae</strong></span> <span class='ocrx_word' id='word_1_57' title='bbox 1515 1605 1573 1680; x_wconf 88' lang='lat' dir='ltr'><strong>di-</strong></span> 
     </span>
     <span class='ocr_line' id='line_1_9' title="bbox 516 1716 1574 1818; baseline 0 -23"><span class='ocrx_word' id='word_1_58' title='bbox 516 1722 610 1795; x_wconf 85' lang='lat' dir='ltr'><strong>citur</strong></span> <span class='ocrx_word' id='word_1_59' title='bbox 638 1716 847 1818; x_wconf 70' lang='lat' dir='ltr'><strong>Mdignum,</strong></span> <span class='ocrx_word' id='word_1_60' title='bbox 880 1745 959 1818; x_wconf 82' lang='lat' dir='ltr'><strong>quae</strong></span> <span class='ocrx_word' id='word_1_61' title='bbox 985 1721 1032 1792; x_wconf 89' lang='lat' dir='ltr'><strong>ab</strong></span> <span class='ocrx_word' id='word_1_62' title='bbox 1063 1720 1191 1794; x_wconf 86' lang='lat' dir='ltr'><strong>eodem</strong></span> <span class='ocrx_word' id='word_1_63' title='bbox 1222 1721 1344 1795; x_wconf 82' lang='lat' dir='ltr'><strong>Judaeo</strong></span> <span class='ocrx_word' id='word_1_64' title='bbox 1383 1723 1574 1796; x_wconf 88' lang='lat' dir='ltr'><strong>tenebatur</strong></span> 
     </span>
     <span class='ocr_line' id='line_1_10' title="bbox 515 1837 760 1912; baseline -0.012 -1"><span class='ocrx_word' id='word_1_65' title='bbox 515 1837 723 1912; x_wconf 84' lang='lat' dir='ltr'><strong>vadimonio</strong></span> <span class='ocrx_word' id='word_1_66' title='bbox 735 1839 760 1909; x_wconf 84' lang='lat'><strong>¹.</strong></span> 
     </span>
    </p>

    <p class='ocr_par' dir='ltr' id='par_1_3' title="bbox 414 1950 1572 3994">
     <span class='ocr_line' id='line_1_11' title="bbox 563 1950 1571 2048; baseline 0.002 -22"><span class='ocrx_word' id='word_1_67' title='bbox 563 1951 777 2048; x_wconf 72' lang='lat' dir='ltr'><strong>rogavimus</strong></span> <span class='ocrx_word' id='word_1_68' title='bbox 792 1953 899 2025; x_wconf 87' lang='lat' dir='ltr'><strong>etiam</strong></span> <span class='ocrx_word' id='word_1_69' title='bbox 914 1951 1043 2025; x_wconf 82' lang='lat' dir='ltr'><strong>fratres</strong></span> <span class='ocrx_word' id='word_1_70' title='bbox 1058 1965 1200 2026; x_wconf 88' lang='lat' dir='ltr'><strong>nostros</strong></span> <span class='ocrx_word' id='word_1_71' title='bbox 1215 1967 1255 2026; x_wconf 92' lang='lat' dir='ltr'><strong>ut</strong></span> <span class='ocrx_word' id='word_1_72' title='bbox 1271 1950 1397 2026; x_wconf 90' lang='lat' dir='ltr'><strong>eadem</strong></span> <span class='ocrx_word' id='word_1_73' title='bbox 1420 1953 1494 2048; x_wconf 89' lang='lat' dir='ltr'><strong>die,</strong></span> <span class='ocrx_word' id='word_1_74' title='bbox 1514 1980 1571 2046; x_wconf 84' lang='lat' dir='ltr'><strong>ea,</strong></span> 
     </span>
     <span class='ocr_line' id='line_1_12' title="bbox 515 2065 1572 2168; baseline 0.003 -28"><span class='ocrx_word' id='word_1_75' title='bbox 515 2092 595 2167; x_wconf 81' lang='lat' dir='ltr'><strong>quae</strong></span> <span class='ocrx_word' id='word_1_76' title='bbox 618 2065 739 2140; x_wconf 84' lang='lat' dir='ltr'><strong>divina</strong></span> <span class='ocrx_word' id='word_1_77' title='bbox 755 2065 1000 2140; x_wconf 88' lang='lat' dir='ltr'><strong>munificentia</strong></span> <span class='ocrx_word' id='word_1_78' title='bbox 1022 2067 1058 2139; x_wconf 92' lang='lat' dir='ltr'><strong>in</strong></span> <span class='ocrx_word' id='word_1_79' title='bbox 1080 2083 1241 2168; x_wconf 88' lang='lat' dir='ltr'><strong>tempore</strong></span> <span class='ocrx_word' id='word_1_80' title='bbox 1257 2067 1572 2144; x_wconf 76' lang='lat' dir='ltr'><strong>administrationis</strong></span> 
     </span>
     <span class='ocr_line' id='line_1_13' title="bbox 515 2181 1571 2283; baseline 0.001 -26"><span class='ocrx_word' id='word_1_81' title='bbox 515 2197 646 2257; x_wconf 85' lang='lat' dir='ltr'><strong>nostrae</strong></span> <span class='ocrx_word' id='word_1_82' title='bbox 655 2183 773 2257; x_wconf 85' lang='lat' dir='ltr'><strong>eidem</strong></span> <span class='ocrx_word' id='word_1_83' title='bbox 784 2183 938 2256; x_wconf 83' lang='lat' dir='ltr'><strong>eoelesiae</strong></span> <span class='ocrx_word' id='word_1_84' title='bbox 946 2181 1111 2276; x_wconf 90' lang='lat' dir='ltr'><strong>contulit,</strong></span> <span class='ocrx_word' id='word_1_85' title='bbox 1122 2184 1194 2256; x_wconf 85' lang='lat' dir='ltr'><strong>sive</strong></span> <span class='ocrx_word' id='word_1_86' title='bbox 1202 2182 1391 2283; x_wconf 88' lang='lat' dir='ltr'><strong>palliorum</strong></span> <span class='ocrx_word' id='word_1_87' title='bbox 1403 2184 1477 2258; x_wconf 86' lang='lat' dir='ltr'><strong>sive</strong></span> <span class='ocrx_word' id='word_1_88' title='bbox 1492 2187 1571 2258; x_wconf 89' lang='lat' dir='ltr'><strong>auri</strong></span> 
     </span>
     <span class='ocr_line' id='line_1_14' title="bbox 512 2300 1571 2399; baseline 0.003 -27"><span class='ocrx_word' id='word_1_89' title='bbox 512 2300 718 2396; x_wconf 86' lang='lat' dir='ltr'><strong>autargenti</strong></span> <span class='ocrx_word' id='word_1_90' title='bbox 725 2313 934 2373; x_wconf 85' lang='lat' dir='ltr'><strong>ornamenta</strong></span> <span class='ocrx_word' id='word_1_91' title='bbox 941 2315 1176 2399; x_wconf 85' lang='lat' dir='ltr'><strong>exponantur,</strong></span> <span class='ocrx_word' id='word_1_92' title='bbox 1185 2300 1289 2372; x_wconf 87' lang='lat' dir='ltr'><strong>autin</strong></span> <span class='ocrx_word' id='word_1_93' title='bbox 1297 2303 1403 2374; x_wconf 86' lang='lat' dir='ltr'><strong>missa</strong></span> <span class='ocrx_word' id='word_1_94' title='bbox 1410 2303 1571 2376; x_wconf 87' lang='lat' dir='ltr'><strong>autsiout</strong></span> 
     </span>
     <span class='ocr_line' id='line_1_15' title="bbox 511 2414 1570 2514; baseline 0.003 -27"><span class='ocrx_word' id='word_1_95' title='bbox 511 2414 561 2487; x_wconf 87' lang='lat' dir='ltr'><strong>eis</strong></span> <span class='ocrx_word' id='word_1_96' title='bbox 582 2414 769 2514; x_wconf 82' lang='lat' dir='ltr'><strong>placuerit:</strong></span> <span class='ocrx_word' id='word_1_97' title='bbox 795 2431 895 2489; x_wconf 86' lang='lat' dir='ltr'><strong>utet</strong></span> <span class='ocrx_word' id='word_1_98' title='bbox 919 2416 1072 2488; x_wconf 82' lang='lat' dir='ltr'><strong>fratrum</strong></span> <span class='ocrx_word' id='word_1_99' title='bbox 1098 2415 1243 2488; x_wconf 88' lang='lat' dir='ltr'><strong>devotio</strong></span> <span class='ocrx_word' id='word_1_100' title='bbox 1264 2417 1371 2488; x_wconf 90' lang='lat' dir='ltr'><strong>sacris</strong></span> <span class='ocrx_word' id='word_1_101' title='bbox 1399 2417 1570 2490; x_wconf 91' lang='lat' dir='ltr'><strong>orationi·</strong></span> 
     </span>
     <span class='ocr_line' id='line_1_16' title="bbox 510 2529 1572 2624; baseline 0.005 -22"><span class='ocrx_word' id='word_1_102' title='bbox 510 2529 580 2604; x_wconf 87' lang='lat' dir='ltr'><strong>bus</strong></span> <span class='ocrx_word' id='word_1_103' title='bbox 596 2531 766 2604; x_wconf 88' lang='lat' dir='ltr'><strong>esurienti</strong></span> <span class='ocrx_word' id='word_1_104' title='bbox 779 2532 907 2604; x_wconf 87' lang='lat' dir='ltr'><strong>animae</strong></span> <span class='ocrx_word' id='word_1_105' title='bbox 926 2553 1016 2604; x_wconf 81' lang='lat' dir='ltr'><strong>meae</strong></span> <span class='ocrx_word' id='word_1_106' title='bbox 1031 2530 1240 2604; x_wconf 89' lang='lat' dir='ltr'><strong>miserrimae</strong></span> <span class='ocrx_word' id='word_1_107' title='bbox 1256 2531 1512 2624; x_wconf 86' lang='lat' dir='ltr'><strong>accumuletur,</strong></span> <span class='ocrx_word' id='word_1_108' title='bbox 1534 2549 1572 2607; x_wconf 88' lang='lat' dir='ltr'><strong>et</strong></span> 
     </span>
     <span class='ocr_line' id='line_1_17' title="bbox 508 2646 1569 2724; baseline 0.005 -6"><span class='ocrx_word' id='word_1_109' title='bbox 508 2670 757 2720; x_wconf 88' lang='lat' dir='ltr'><strong>successorum</strong></span> <span class='ocrx_word' id='word_1_110' title='bbox 778 2646 954 2721; x_wconf 87' lang='lat' dir='ltr'><strong>abbatum</strong></span> <span class='ocrx_word' id='word_1_111' title='bbox 969 2649 1136 2720; x_wconf 87' lang='lat' dir='ltr'><strong>instantia</strong></span> <span class='ocrx_word' id='word_1_112' title='bbox 1147 2647 1242 2720; x_wconf 85' lang='lat' dir='ltr'><strong>circa</strong></span> <span class='ocrx_word' id='word_1_113' title='bbox 1255 2649 1394 2720; x_wconf 90' lang='lat' dir='ltr'><strong>cultum</strong></span> <span class='ocrx_word' id='word_1_114' title='bbox 1413 2650 1569 2724; x_wconf 86' lang='lat' dir='ltr'><strong>ecclesire</strong></span> 
     </span>
     <span class='ocr_line' id='line_1_18' title="bbox 414 2761 1567 2864; baseline 0.001 -27"><span class='ocrx_word' id='word_1_115' title='bbox 414 2832 418 2837; x_wconf 82' lang='lat'>.</span> <span class='ocrx_word' id='word_1_116' title='bbox 506 2761 1306 2861; x_wconf 84' lang='lat' dir='ltr'><strong>Deianimetur.thuoniamomniamembra</strong></span> <span class='ocrx_word' id='word_1_117' title='bbox 1314 2765 1567 2864; x_wconf 84' lang='lat' dir='ltr'><strong>capitisuode-</strong></span> 
     </span>
     <span class='ocr_line' id='line_1_19' title="bbox 506 2875 1567 2977; baseline 0.005 -29"><span class='ocrx_word' id='word_1_118' title='bbox 506 2875 800 2977; x_wconf 84' lang='lat' dir='ltr'><strong>bentcooperari,</strong></span> <span class='ocrx_word' id='word_1_119' title='bbox 813 2878 851 2950; x_wconf 92' lang='lat' dir='ltr'><strong>in</strong></span> <span class='ocrx_word' id='word_1_120' title='bbox 861 2877 1273 2977; x_wconf 87' lang='lat' dir='ltr'><strong>omnibuscellisubique</strong></span> <span class='ocrx_word' id='word_1_121' title='bbox 1282 2882 1567 2959; x_wconf 82' lang='lat' dir='ltr'><strong>terrarumanni-</strong></span> 
     </span>
     <span class='ocr_line' id='line_1_20' title="bbox 504 2995 1569 3096; baseline 0.01 -36"><span class='ocrx_word' id='word_1_122' title='bbox 504 2995 700 3068; x_wconf 84' lang='lat' dir='ltr'><strong>versarium</strong></span> <span class='ocrx_word' id='word_1_123' title='bbox 714 3009 878 3068; x_wconf 89' lang='lat' dir='ltr'><strong>nostrum</strong></span> <span class='ocrx_word' id='word_1_124' title='bbox 890 2995 1089 3068; x_wconf 87' lang='lat' dir='ltr'><strong>secuudum</strong></span> <span class='ocrx_word' id='word_1_125' title='bbox 1103 2996 1267 3068; x_wconf 89' lang='lat' dir='ltr'><strong>locorum</strong></span> <span class='ocrx_word' id='word_1_126' title='bbox 1284 2998 1520 3096; x_wconf 85' lang='lat' dir='ltr'><strong>quantitatem</strong></span> <span class='ocrx_word' id='word_1_127' title='bbox 1532 3013 1569 3071; x_wconf 91' lang='lat' dir='ltr'><strong>et</strong></span> 
     </span>
     <span class='ocr_line' id='line_1_21' title="bbox 505 3107 1566 3210; baseline 0.005 -30"><span class='ocrx_word' id='word_1_128' title='bbox 505 3107 776 3208; x_wconf 86' lang='lat' dir='ltr'><strong>possibilitatem</strong></span> <span class='ocrx_word' id='word_1_129' title='bbox 786 3109 862 3183; x_wconf 88' lang='lat' dir='ltr'><strong>fieri</strong></span> <span class='ocrx_word' id='word_1_130' title='bbox 872 3110 1084 3209; x_wconf 84' lang='lat' dir='ltr'><strong>petivimus:</strong></span> <span class='ocrx_word' id='word_1_131' title='bbox 1101 3110 1264 3184; x_wconf 89' lang='lat' dir='ltr'><strong>videlicet</strong></span> <span class='ocrx_word' id='word_1_132' title='bbox 1272 3111 1368 3210; x_wconf 88' lang='lat' dir='ltr'><strong>apud</strong></span> <span class='ocrx_word' id='word_1_133' title='bbox 1383 3113 1566 3209; x_wconf 63' lang='lat' dir='ltr'><strong>argentoi-</strong></span> 
     </span>
     <span class='ocr_line' id='line_1_22' title="bbox 506 3224 1568 3325; baseline 0.003 -28"><span class='ocrx_word' id='word_1_134' title='bbox 506 3224 1215 3325; x_wconf 86' lang='lat' dir='ltr'><strong>lum,quemlocum‚permultatempora</strong></span> <span class='ocrx_word' id='word_1_135' title='bbox 1222 3241 1465 3300; x_wconf 89' lang='lat' dir='ltr'><strong>trecentorum</strong></span> <span class='ocrx_word' id='word_1_136' title='bbox 1474 3229 1568 3300; x_wconf 69' lang='lat' dir='ltr'><strong>fere*</strong></span> 
     </span>
     <span class='ocr_line' id='line_1_23' title="bbox 506 3339 1566 3434; baseline 0.006 -23"><span class='ocrx_word' id='word_1_137' title='bbox 506 3353 686 3413; x_wconf 89' lang='lat' dir='ltr'><strong>annorum</strong></span> <span class='ocrx_word' id='word_1_138' title='bbox 705 3339 752 3412; x_wconf 90' lang='lat' dir='ltr'><strong>ab</strong></span> <span class='ocrx_word' id='word_1_139' title='bbox 775 3340 920 3416; x_wconf 80' lang='lat' dir='ltr'><strong>eeclesia</strong></span> <span class='ocrx_word' id='word_1_140' title='bbox 936 3341 1003 3415; x_wconf 88' lang='lat' dir='ltr'><strong>ista</strong></span> <span class='ocrx_word' id='word_1_141' title='bbox 1023 3340 1228 3434; x_wconf 87' lang='lat' dir='ltr'><strong>alienatum,</strong></span> <span class='ocrx_word' id='word_1_142' title='bbox 1252 3355 1288 3414; x_wconf 91' lang='lat' dir='ltr'><strong>et</strong></span> <span class='ocrx_word' id='word_1_143' title='bbox 1308 3343 1566 3418; x_wconf 87' lang='lat' dir='ltr'><strong>monacharum</strong></span> 
     </span>
     <span class='ocr_line' id='line_1_24' title="bbox 506 3453 1564 3557; baseline 0.004 -28"><span class='ocrx_word' id='word_1_144' title='bbox 506 3453 783 3529; x_wconf 82' lang='lat' dir='ltr'><strong>extraordinaria</strong></span> <span class='ocrx_word' id='word_1_145' title='bbox 790 3456 931 3528; x_wconf 72' lang='lat' dir='ltr'><strong>leuitate</strong></span> <span class='ocrx_word' id='word_1_146' title='bbox 940 3480 1031 3556; x_wconf 87' lang='lat' dir='ltr'><strong>pene</strong></span> <span class='ocrx_word' id='word_1_147' title='bbox 1038 3471 1270 3557; x_wconf 89' lang='lat' dir='ltr'><strong>prostratum,</strong></span> <span class='ocrx_word' id='word_1_148' title='bbox 1285 3456 1410 3532; x_wconf 90' lang='lat' dir='ltr'><strong>labore</strong></span> <span class='ocrx_word' id='word_1_149' title='bbox 1423 3475 1564 3553; x_wconf 86' lang='lat' dir='ltr'><strong>nostro,</strong></span> 
     </span>
     <span class='ocr_line' id='line_1_25' title="bbox 506 3569 1566 3670; baseline 0.006 -27"><span class='ocrx_word' id='word_1_150' title='bbox 506 3569 717 3668; x_wconf 67' lang='lat' dir='ltr'><strong>presidente</strong></span> <span class='ocrx_word' id='word_1_151' title='bbox 747 3584 783 3643; x_wconf 91' lang='lat' dir='ltr'><strong>et</strong></span> <span class='ocrx_word' id='word_1_152' title='bbox 806 3571 992 3670; x_wconf 82' lang='lat' dir='ltr'><strong>privilegio</strong></span> <span class='ocrx_word' id='word_1_153' title='bbox 1023 3572 1189 3647; x_wconf 86' lang='lat' dir='ltr'><strong>firmante</strong></span> <span class='ocrx_word' id='word_1_154' title='bbox 1219 3598 1362 3646; x_wconf 91' lang='lat' dir='ltr'><strong>summo</strong></span> <span class='ocrx_word' id='word_1_155' title='bbox 1392 3573 1566 3649; x_wconf 89' lang='lat' dir='ltr'><strong>Pontifice</strong></span> 
     </span>
     <span class='ocr_line' id='line_1_26' title="bbox 507 3683 1565 3786; baseline 0.009 -29"><span class='ocrx_word' id='word_1_156' title='bbox 507 3683 612 3758; x_wconf 80' lang='lat' dir='ltr'><strong>bonae</strong></span> <span class='ocrx_word' id='word_1_157' title='bbox 629 3686 812 3759; x_wconf 84' lang='lat' dir='ltr'><strong>memoriae</strong></span> <span class='ocrx_word' id='word_1_158' title='bbox 830 3689 1005 3782; x_wconf 89' lang='lat' dir='ltr'><strong>Honorio,</strong></span> <span class='ocrx_word' id='word_1_159' title='bbox 1030 3705 1198 3786; x_wconf 85' lang='lat' dir='ltr'><strong>regnante</strong></span> <span class='ocrx_word' id='word_1_160' title='bbox 1214 3705 1251 3762; x_wconf 90' lang='lat' dir='ltr'><strong>et</strong></span> <span class='ocrx_word' id='word_1_161' title='bbox 1271 3689 1490 3776; x_wconf 74' lang='lat' dir='ltr'><strong>eoncedente</strong></span> <span class='ocrx_word' id='word_1_162' title='bbox 1508 3693 1565 3766; x_wconf 91' lang='lat' dir='ltr'><strong>in·</strong></span> 
     </span>
     <span class='ocr_line' id='line_1_27' title="bbox 506 3797 1564 3899; baseline 0.01 -29"><span class='ocrx_word' id='word_1_163' title='bbox 506 3797 592 3872; x_wconf 84' lang='lat' dir='ltr'><strong>clito</strong></span> <span class='ocrx_word' id='word_1_164' title='bbox 616 3823 698 3896; x_wconf 84' lang='lat' dir='ltr'><strong>rege</strong></span> <span class='ocrx_word' id='word_1_165' title='bbox 721 3798 917 3893; x_wconf 82' lang='lat' dir='ltr'><strong>ludovico,</strong></span> <span class='ocrx_word' id='word_1_166' title='bbox 942 3804 1078 3876; x_wconf 89' lang='lat' dir='ltr'><strong>restitui</strong></span> <span class='ocrx_word' id='word_1_167' title='bbox 1101 3803 1385 3899; x_wconf 81' lang='lat' dir='ltr'><strong>elaboravimus3</strong></span> <span class='ocrx_word' id='word_1_168' title='bbox 1408 3807 1472 3880; x_wconf 91' lang='lat' dir='ltr'><strong>ubi</strong></span> <span class='ocrx_word' id='word_1_169' title='bbox 1492 3809 1564 3882; x_wconf 88' lang='lat' dir='ltr'><strong>fra·</strong></span> 
     </span>
     <span class='ocr_line' id='line_1_28' title="bbox 507 3911 1562 3994; baseline 0.009 -9"><span class='ocrx_word' id='word_1_170' title='bbox 507 3926 579 3985; x_wconf 88' lang='lat' dir='ltr'><strong>tres</strong></span> <span class='ocrx_word' id='word_1_171' title='bbox 589 3911 715 3986; x_wconf 85' lang='lat' dir='ltr'><strong>eadem</strong></span> <span class='ocrx_word' id='word_1_172' title='bbox 727 3915 787 3987; x_wconf 90' lang='lat' dir='ltr'><strong>die</strong></span> <span class='ocrx_word' id='word_1_173' title='bbox 803 3913 849 3988; x_wconf 91' lang='lat' dir='ltr'><strong>de</strong></span> <span class='ocrx_word' id='word_1_174' title='bbox 865 3917 1018 3989; x_wconf 79' lang='lat' dir='ltr'><strong>sartoris</strong></span> <span class='ocrx_word' id='word_1_175' title='bbox 1034 3917 1143 3992; x_wconf 81' lang='lat' dir='ltr'><strong>villa·</strong></span> <span class='ocrx_word' id='word_1_176' title='bbox 1158 3918 1283 3991; x_wconf 88' lang='lat' dir='ltr'><strong>decem</strong></span> <span class='ocrx_word' id='word_1_177' title='bbox 1301 3919 1434 3994; x_wconf 86' lang='lat' dir='ltr'><strong>solidos</strong></span> <span class='ocrx_word' id='word_1_178' title='bbox 1451 3921 1562 3994; x_wconf 82' lang='lat' dir='ltr'><strong>refec-</strong></span> 
     </span>
    </p>
   </div>
   <div class='ocr_carea' id='block_1_3' title="bbox 547 4123 1411 4208">
    <p class='ocr_par' dir='ltr' id='par_1_4' title="bbox 547 4123 1411 4208">
     <span class='ocr_line' id='line_1_29' title="bbox 547 4123 1411 4208; baseline 0.008 -25"><span class='ocrx_word' id='word_1_179' title='bbox 547 4127 577 4187; x_wconf 80' lang='lat' dir='ltr'><strong>i.</strong></span> <span class='ocrx_word' id='word_1_180' title='bbox 592 4130 667 4184; x_wconf 81' lang='lat' dir='ltr'><strong>Item</strong></span> <span class='ocrx_word' id='word_1_181' title='bbox 680 4123 719 4184; x_wconf 81' lang='lat' dir='ltr'><strong>de</strong></span> <span class='ocrx_word' id='word_1_182' title='bbox 729 4125 836 4186; x_wconf 70' lang='lat' dir='ltr'><strong>oedem</strong></span> <span class='ocrx_word' id='word_1_183' title='bbox 849 4126 917 4187; x_wconf 82' lang='lat' dir='ltr'><strong>edd.</strong></span> <span class='ocrx_word' id='word_1_184' title='bbox 941 4159 979 4174; x_wconf 88' lang='grc'><strong>-</strong></span> <span class='ocrx_word' id='word_1_185' title='bbox 998 4131 1031 4191; x_wconf 74' lang='lat'><strong>2.</strong></span> <span class='ocrx_word' id='word_1_186' title='bbox 1044 4130 1210 4208; x_wconf 58' lang='lat' dir='ltr'><strong>Ammiebat</strong></span> <span class='ocrx_word' id='word_1_187' title='bbox 1220 4129 1327 4190; x_wconf 69' lang='lat' dir='ltr'><strong>tndem</strong></span> <span class='ocrx_word' id='word_1_188' title='bbox 1340 4131 1411 4192; x_wconf 80' lang='lat' dir='ltr'><strong>edd.</strong></span> 
     </span>
    </p>
   </div>
   <div class='ocr_carea' id='block_1_4' title="bbox 504 4217 1560 4466">
    <p class='ocr_par' dir='ltr' id='par_1_5' title="bbox 504 4217 1560 4466">
     <span class='ocr_line' id='line_1_30' title="bbox 545 4217 1560 4305; baseline 0.013 -29"><span class='ocrx_word' id='word_1_189' title='bbox 545 4218 573 4276; x_wconf 79' lang='grc'><strong>3.</strong></span> <span class='ocrx_word' id='word_1_190' title='bbox 589 4217 640 4292; x_wconf 66' lang='lat' dir='ltr'><strong>V„</strong></span> <span class='ocrx_word' id='word_1_191' title='bbox 662 4217 700 4278; x_wconf 86' lang='lat' dir='ltr'><strong>de</strong></span> <span class='ocrx_word' id='word_1_192' title='bbox 720 4217 777 4279; x_wconf 83' lang='lat' dir='ltr'><strong>hte</strong></span> <span class='ocrx_word' id='word_1_193' title='bbox 789 4217 870 4292; x_wconf 80' lang='lat' dir='ltr'><strong>vitta,</strong></span> <span class='ocrx_word' id='word_1_194' title='bbox 880 4237 914 4300; x_wconf 84' lang='lat' dir='ltr'><strong>p.</strong></span> <span class='ocrx_word' id='word_1_195' title='bbox 936 4222 1011 4298; x_wconf 74' lang='lat'><strong>¹5⁶3</strong></span> <span class='ocrx_word' id='word_1_196' title='bbox 1030 4233 1060 4282; x_wconf 89' lang='lat' dir='ltr'><strong>et</strong></span> <span class='ocrx_word' id='word_1_197' title='bbox 1083 4221 1121 4282; x_wconf 89' lang='lat' dir='ltr'><strong>de</strong></span> <span class='ocrx_word' id='word_1_198' title='bbox 1141 4221 1257 4303; x_wconf 71' lang='lat' dir='ltr'><strong>praediis</strong></span> <span class='ocrx_word' id='word_1_199' title='bbox 1270 4225 1359 4305; x_wconf 78' lang='lat' dir='ltr'><strong>suprt</strong></span> <span class='ocrx_word' id='word_1_200' title='bbox 1384 4225 1560 4300; x_wconf 82' lang='lat' dir='ltr'><strong>memoratis,</strong></span> 
     </span>
     <span class='ocr_line' id='line_1_31' title="bbox 504 4311 803 4388; baseline 0.013 -20"><span class='ocrx_word' id='word_1_201' title='bbox 504 4327 538 4388; x_wconf 79' lang='lat' dir='ltr'><strong>p.</strong></span> <span class='ocrx_word' id='word_1_202' title='bbox 559 4311 716 4384; x_wconf 63' lang='grc'><strong>1111161,</strong></span> <span class='ocrx_word' id='word_1_203' title='bbox 732 4315 803 4373; x_wconf 76' lang='grc'><strong>161.</strong></span> 
     </span>
     <span class='ocr_line' id='line_1_32' title="bbox 545 4400 986 4466; baseline 0.011 -5"><span class='ocrx_word' id='word_1_204' title='bbox 545 4402 576 4461; x_wconf 74' lang='lat' dir='ltr'><strong>i.</strong></span> <span class='ocrx_word' id='word_1_205' title='bbox 590 4404 664 4461; x_wconf 82' lang='lat' dir='ltr'><strong>Fere</strong></span> <span class='ocrx_word' id='word_1_206' title='bbox 676 4401 758 4462; x_wconf 85' lang='lat' dir='ltr'><strong>deest</strong></span> <span class='ocrx_word' id='word_1_207' title='bbox 771 4401 804 4463; x_wconf 88' lang='lat' dir='ltr'><strong>in</strong></span> <span class='ocrx_word' id='word_1_208' title='bbox 815 4400 864 4463; x_wconf 86' lang='lat' dir='ltr'><strong>ed.</strong></span> <span class='ocrx_word' id='word_1_209' title='bbox 879 4402 986 4466; x_wconf 82' lang='lat' dir='ltr'><strong>chesn.</strong></span> 
     </span>
    </p>
   </div>
   <div class='ocr_carea' id='block_1_5' title="bbox 543 4497 1118 4581">
    <p class='ocr_par' dir='ltr' id='par_1_6' title="bbox 543 4497 1118 4581">
     <span class='ocr_line' id='line_1_33' title="bbox 543 4497 1118 4581; baseline 0.01 -27"><span class='ocrx_word' id='word_1_210' title='bbox 543 4498 573 4554; x_wconf 76' lang='lat' dir='ltr'><strong>ii.</strong></span> <span class='ocrx_word' id='word_1_211' title='bbox 595 4497 679 4556; x_wconf 79' lang='lat' dir='ltr'><strong>Nunc</strong></span> <span class='ocrx_word' id='word_1_212' title='bbox 685 4499 868 4560; x_wconf 69' lang='lat' dir='ltr'><strong>Smmm&#39;lie</strong></span> <span class='ocrx_word' id='word_1_213' title='bbox 878 4500 1118 4581; x_wconf 53' lang='lat' dir='ltr'><strong>Mat-Uise).</strong></span> 
     </span>
    </p>
   </div>
   <div class='ocr_carea' id='block_1_6' title="bbox 0 0 1876 5667">
    <p class='ocr_par' dir='ltr' id='par_1_7' title="bbox 0 0 1876 5667">
     <span class='ocr_line' id='line_1_34' title="bbox 0 0 1876 5667; baseline 0 6"><span class='ocrx_word' id='word_1_214' title='bbox 0 0 1876 5667; x_wconf 95' lang='lat' dir='ltr'><strong> </strong></span> 
     </span>
    </p>
   </div>
  </div>
 </body>
</html>
