3742 5667
439 760 491 819 os
510 760 560 817 m
581 744 859 817 consecutum
877 759 927 816 ns
948 758 1194 818 saror-osum.
1297 760 1355 815 aas

292 890 533 965 deliberando
556 891 740 989 elegimus,
763 905 803 962 ut
828 906 976 990 propter
1004 914 1083 963 cam
1101 916 1211 989 quarn
1231 890 1352 964 divina

292 1010 474 1107 operatio,
494 1009 585 1082 sicut
599 1007 799 1081 veneranda
815 1009 944 1107 scripta
958 1020 1146 1096 testantur,
1159 1010 1305 1107 propria
1321 1022 1355 1080 et

292 1124 459 1197 manuali
486 1125 692 1198 extensione
728 1122 881 1196 ecclesiae
914 1124 1173 1197 consecrationi
1200 1126 1356 1221 antiquae

293 1240 470 1338 imposuit
488 1240 791 1329 benedictionem,
821 1239 906 1338 ipsis
922 1240 1065 1312 sacratis
1084 1238 1262 1340 lapidibus
1278 1253 1358 1310 tan·

293 1382 407 1455 quam
426 1357 586 1457 reliquiis
611 1356 846 1441 deferremus,
867 1356 966 1429 illam
980 1382 1059 1455 quac
1081 1371 1179 1430 tanta
1197 1356 1359 1451 exigente

294 1474 506 1547 necessitate
522 1473 662 1546 novitas
683 1472 924 1565 inchoaretur,
940 1471 1174 1569 longitudinis
1186 1486 1222 1544 et
1237 1471 1358 1542 latitu-

294 1590 391 1665 dinis
406 1588 677 1689 pulchritudine
702 1589 939 1661 inniteremur
960 1587 1161 1662 nobilitare.
1191 1586 1359 1661 Consulte

295 1706 477 1803 siquidem
501 1704 687 1778 decretum
710 1719 763 1777 est
789 1704 883 1776 illam
903 1703 1021 1777 altiori
1037 1704 1261 1803 inaequalem,
1280 1726 1359 1802 quae

296 1845 406 1919 super
442 1820 605 1893 absidem
640 1836 845 1894 sanctorum
878 1818 1112 1892 dominorum
1148 1833 1371 1896 nostrorum

296 1960 453 2033 corpora
467 1937 681 2008 retinentem
691 1923 887 2034 operiebat,
898 1937 1074 2009 removeri
1094 1933 1227 2007 voltam
1249 1958 1360 2032 usque

297 2049 344 2121 ad
363 2050 590 2147 superficiem
605 2052 728 2148 criptae
738 2052 795 2123 cui
811 2049 1035 2143 adherebat,
1054 2066 1094 2124 ut
1106 2048 1232 2124 eadem
1246 2050 1360 2147 cripta

299 2166 589 2264 superioritatem
611 2170 666 2239 sul
687 2165 940 2239 accedentibus
964 2188 1028 2265 per
1051 2181 1221 2263 utrosque
1232 2164 1361 2259 gradus

299 2304 370 2379 pro
381 2281 591 2380 pavimento
603 2282 766 2374 ollerret,
780 2296 816 2353 et
831 2282 867 2353 in
882 2281 1109 2354 eminentiori
1123 2281 1203 2353 loco
1219 2284 1363 2353 Sancto-

300 2420 383 2469 rum
397 2398 541 2471 lecticas
554 2421 642 2469 auro
656 2411 692 2470 et
701 2397 1027 2497 preciosisgemmis
1034 2396 1224 2469 adornatas
1231 2396 1364 2468 adven·
1488 2405 1494 2418 '

301 2513 457 2587 tantium
468 2511 656 2586 obtutibus
663 2514 876 2612 designaret.
891 2514 1075 2586 Provisum
1090 2527 1143 2585 est
1152 2512 1258 2585 etiam
1269 2536 1365 2608 saga-

302 2631 393 2703 citer
410 2646 452 2703 ut
467 2629 711 2729 superioribus
723 2629 900 2703 columnis
918 2644 953 2702 et
969 2627 1122 2701 arcubus
1135 2628 1282 2720 mediis,
1299 2628 1363 2726 qui

302 2748 339 2819 in
366 2744 597 2819 inferioribus
622 2748 658 2817 in
687 2747 802 2846 cripta
834 2745 990 2821 fundatis
1022 2761 1361 2845 superponerentur,

305 2862 530 2957 geometricis
546 2875 582 2935 et
598 2863 806 2934 aritmeticis
833 2861 1077 2933 instrumentis
1094 2859 1256 2933 medium
1272 2860 1363 2932 anti-

305 3002 384 3075 quae
411 2975 628 3050 testitudinis
645 2978 800 3050 ecclesiae
815 2977 996 3074 augmenti
1012 2976 1097 3049 novi
1112 2975 1234 3047 medio
1248 2997 1371 3073 aequa·

306 3108 421 3187 retur,
443 3117 510 3165 nec
523 3094 642 3165 minus
657 3093 885 3192 antiquarum
912 3093 1088 3191 quantitas
1103 3090 1240 3163 alarum
1257 3116 1365 3163 nova-

308 3234 390 3283 rum
414 3209 605 3306 quantitati
627 3209 879 3309 adaptaretur;
904 3222 1054 3307 excepto
1080 3205 1141 3281 illo
1165 3206 1307 3281 urbano
1331 3196 1388 3278 et'

309 3323 510 3425 approbato
532 3326 736 3399 incircuitu
770 3326 1009 3398 oratoriorum
1034 3324 1268 3417 incremento,
1295 3346 1369 3419 quo

311 3458 384 3515 tota
402 3441 722 3515 sacratissimarum
735 3441 947 3514 vitrearum¹
965 3439 1044 3511 luce
1061 3437 1212 3511 mirabili
1223 3453 1265 3522 et¹
1278 3462 1367 3509 con·
1447 3516 1454 3527 ,

312 3560 411 3631 tinua
420 3560 624 3631 interiorem
640 3559 874 3657 perlustrante
886 3553 1193 3655 pulchritudinem
1203 3553 1364 3626 eniteret.

358 3680 405 3747 Ut
423 3688 543 3747 autem
567 3674 716 3773 sapienti
733 3671 893 3762 consilio,
915 3670 1071 3743 dictante
1082 3668 1217 3767 Spiritu
1231 3682 1366 3759 sancte,

313 3792 413 3889 eujus
420 3791 542 3865 unctio
558 3789 603 3863 de
618 3788 787 3862 omnibus
803 3788 923 3881 docet,
941 3785 1122 3858 luculento
1137 3782 1264 3856 ordine
1282 3782 1371 3858 desi·

313 3922 459 4001 guatum
491 3922 542 3978 est
569 3904 657 4005 quid
682 3906 851 4003 prosequi
881 3924 1187 4001 proponeremus,
1223 3898 1371 3971 collecto
1466 3960 1472 3971 .

316 4022 473 4095 virorum
489 4020 681 4094 illustrium
697 4035 771 4092 tam
787 4017 1040 4120 episcoporum
1057 4040 1169 4115 quam
1197 4014 1369 4089 abbatum

317 4153 492 4211 conventu
503 4194 514 4227 ,
540 4137 651 4210 accita
671 4136 780 4209 etiam
807 4134 944 4208 domini
963 4158 1006 4206 ac
1029 4132 1244 4207 serenissimi
1262 4132 1373 4235 'regis

319 4260 535 4330 Francorum
550 4254 720 4327 Ludovici
739 4253 936 4352 praesentia,
962 4251 1076 4351 pridie
1091 4249 1174 4323 idus
1187 4247 1296 4346 jour,
1317 4247 1374 4319 dic

360 4492 388 4551 l.
404 4490 488 4551 Forte
498 4495 613 4569 pictura
623 4490 715 4553 deest.
737 4522 776 4536 ·-
800 4492 831 4547 Ξ.
848 4490 933 4552 Anno
949 4487 1037 4546 llil).

1218 4591 1257 4648 lb
