<?xml version="1.0" encoding="UTF-8"?>
<!DOCTYPE html PUBLIC "-//W3C//DTD XHTML 1.0 Transitional//EN"
    "http://www.w3.org/TR/xhtml1/DTD/xhtml1-transitional.dtd">
<html xmlns="http://www.w3.org/1999/xhtml" xml:lang="en" lang="en">
 <head>
  <title>
</title>
<meta http-equiv="Content-Type" content="text/html;charset=utf-8" />
  <meta name='ocr-system' content='tesseract 3.04.00' />
  <meta name='ocr-capabilities' content='ocr_page ocr_carea ocr_par ocr_line ocrx_word'/>
</head>
<body>
  <div class='ocr_page' id='page_1' title='image "./oeuvrescompltes00sugegoog_0254.png"; bbox 0 0 3742 5667; ppageno 0'>
   <div class='ocr_carea' id='block_1_1' title="bbox 528 774 1376 853">
    <p class='ocr_par' dir='ltr' id='par_1_1' title="bbox 528 774 1376 853">
     <span class='ocr_line' id='line_1_1' title="bbox 528 774 1376 853; baseline 0.006 -5"><span class='ocrx_word' id='word_1_1' title='bbox 528 792 588 849; x_wconf 78' lang='lat' dir='ltr'>aso</span> <span class='ocrx_word' id='word_1_2' title='bbox 748 790 914 849; x_wconf 85' lang='lat' dir='ltr'>onuvnrs</span> <span class='ocrx_word' id='word_1_3' title='bbox 934 774 1151 851; x_wconf 72' lang='lat' dir='ltr'>cointius</span> <span class='ocrx_word' id='word_1_4' title='bbox 1171 794 1223 851; x_wconf 85' lang='lat' dir='ltr'>un</span> <span class='ocrx_word' id='word_1_5' title='bbox 1240 794 1376 853; x_wconf 82' lang='lat' dir='ltr'>susan.</span> 
     </span>
    </p>
   </div>
   <div class='ocr_carea' id='block_1_2' title="bbox 519 922 1599 3572">
    <p class='ocr_par' dir='ltr' id='par_1_2' title="bbox 524 922 1599 1945">
     <span class='ocr_line' id='line_1_2' title="bbox 529 922 1599 1014; baseline 0 -17"><span class='ocrx_word' id='word_1_6' title='bbox 529 923 684 1014; x_wconf 88' lang='lat' dir='ltr'>lacertis,</span> <span class='ocrx_word' id='word_1_7' title='bbox 702 923 849 997; x_wconf 81' lang='lat' dir='ltr'>funibus</span> <span class='ocrx_word' id='word_1_8' title='bbox 863 922 1025 997; x_wconf 82' lang='lat' dir='ltr'><strong>adstricti</strong></span> <span class='ocrx_word' id='word_1_9' title='bbox 1042 924 1119 998; x_wconf 89' lang='lat' dir='ltr'>vice</span> <span class='ocrx_word' id='word_1_10' title='bbox 1140 925 1359 999; x_wconf 81' lang='lat' dir='ltr'><strong>trahentium</strong></span> <span class='ocrx_word' id='word_1_11' title='bbox 1379 924 1599 1000; x_wconf 89' lang='lat' dir='ltr'>animalium</span> 
     </span>
     <span class='ocr_line' id='line_1_3' title="bbox 528 1038 1599 1139; baseline 0.001 -26"><span class='ocrx_word' id='word_1_12' title='bbox 528 1038 732 1113; x_wconf 82' lang='lat' dir='ltr'>educebant</span> <span class='ocrx_word' id='word_1_13' title='bbox 746 1068 756 1132; x_wconf 72' lang='grc' dir='ltr'><strong>ς</strong></span> <span class='ocrx_word' id='word_1_14' title='bbox 770 1055 807 1113; x_wconf 91' lang='lat' dir='ltr'>et</span> <span class='ocrx_word' id='word_1_15' title='bbox 826 1064 891 1139; x_wconf 92' lang='lat' dir='ltr'>per</span> <span class='ocrx_word' id='word_1_16' title='bbox 918 1038 1081 1113; x_wconf 91' lang='lat' dir='ltr'>medium</span> <span class='ocrx_word' id='word_1_17' title='bbox 1105 1042 1210 1114; x_wconf 89' lang='lat' dir='ltr'>castri</span> <span class='ocrx_word' id='word_1_18' title='bbox 1236 1040 1435 1117; x_wconf 81' lang='lat' dir='ltr'>declivium</span> <span class='ocrx_word' id='word_1_19' title='bbox 1459 1042 1599 1115; x_wconf 87' lang='lat' dir='ltr'>diversi</span> 
     </span>
     <span class='ocr_line' id='line_1_4' title="bbox 527 1154 1596 1251; baseline 0.003 -22"><span class='ocrx_word' id='word_1_20' title='bbox 527 1154 720 1246; x_wconf 83' lang='lat' dir='ltr'>officiales,</span> <span class='ocrx_word' id='word_1_21' title='bbox 751 1156 882 1229; x_wconf 88' lang='lat' dir='ltr'>relictis</span> <span class='ocrx_word' id='word_1_22' title='bbox 903 1154 1108 1230; x_wconf 78' lang='lat' dir='ltr'>officiorum</span> <span class='ocrx_word' id='word_1_23' title='bbox 1136 1182 1287 1231; x_wconf 90' lang='lat' dir='ltr'>suorum</span> <span class='ocrx_word' id='word_1_24' title='bbox 1320 1159 1596 1251; x_wconf 72' lang='lat' dir='ltr'>insumentis,</span> 
     </span>
     <span class='ocr_line' id='line_1_5' title="bbox 526 1270 1599 1371; baseline 0.002 -28"><span class='ocrx_word' id='word_1_25' title='bbox 526 1272 619 1344; x_wconf 88' lang='lat' dir='ltr'>vires</span> <span class='ocrx_word' id='word_1_26' title='bbox 641 1271 803 1371; x_wconf 87' lang='lat' dir='ltr'>proprias</span> <span class='ocrx_word' id='word_1_27' title='bbox 824 1271 960 1344; x_wconf 92' lang='lat' dir='ltr'>itineris</span> <span class='ocrx_word' id='word_1_28' title='bbox 990 1270 1192 1346; x_wconf 85' lang='lat' dir='ltr'>difficultati</span> <span class='ocrx_word' id='word_1_29' title='bbox 1221 1272 1432 1363; x_wconf 81' lang='lat' dir='ltr'>offerentes,</span> <span class='ocrx_word' id='word_1_30' title='bbox 1463 1272 1599 1347; x_wconf 88' lang='lat' dir='ltr'>obvia·</span> 
     </span>
     <span class='ocr_line' id='line_1_6' title="bbox 524 1386 1598 1487; baseline 0 -28"><span class='ocrx_word' id='word_1_31' title='bbox 524 1386 627 1477; x_wconf 89' lang='lat' dir='ltr'>bant,</span> <span class='ocrx_word' id='word_1_32' title='bbox 646 1402 779 1485; x_wconf 90' lang='lat' dir='ltr'>quanta</span> <span class='ocrx_word' id='word_1_33' title='bbox 795 1401 961 1487; x_wconf 75' lang='lat' dir='ltr'>poterant</span> <span class='ocrx_word' id='word_1_34' title='bbox 981 1411 1052 1484; x_wconf 90' lang='lat' dir='ltr'>ope</span> <span class='ocrx_word' id='word_1_35' title='bbox 1066 1391 1142 1460; x_wconf 89' lang='lat' dir='ltr'>Deo</span> <span class='ocrx_word' id='word_1_36' title='bbox 1157 1388 1361 1487; x_wconf 81' lang='lat' dir='ltr'>sanctisque</span> <span class='ocrx_word' id='word_1_37' title='bbox 1376 1388 1598 1486; x_wconf 81' lang='lat' dir='ltr'>Martyribus</span> 
     </span>
     <span class='ocr_line' id='line_1_7' title="bbox 526 1501 1599 1602; baseline 0.004 -29"><span class='ocrx_word' id='word_1_38' title='bbox 526 1501 776 1601; x_wconf 89' lang='lat' dir='ltr'>obsequentes.</span> <span class='ocrx_word' id='word_1_39' title='bbox 803 1501 905 1575; x_wconf 90' lang='lat' dir='ltr'>Unde</span> <span class='ocrx_word' id='word_1_40' title='bbox 930 1501 1054 1575; x_wconf 90' lang='lat' dir='ltr'>nobile</span> <span class='ocrx_word' id='word_1_41' title='bbox 1067 1502 1252 1602; x_wconf 76' lang='lat' dir='ltr'>quoddam</span> <span class='ocrx_word' id='word_1_42' title='bbox 1275 1520 1313 1577; x_wconf 92' lang='lat' dir='ltr'>et</span> <span class='ocrx_word' id='word_1_43' title='bbox 1332 1503 1483 1602; x_wconf 84' lang='lat' dir='ltr'>dignum</span> <span class='ocrx_word' id='word_1_44' title='bbox 1504 1504 1599 1577; x_wconf 88' lang='lat' dir='ltr'>rela-</span> 
     </span>
     <span class='ocr_line' id='line_1_8' title="bbox 525 1616 1596 1718; baseline 0 -27"><span class='ocrx_word' id='word_1_45' title='bbox 525 1619 624 1691; x_wconf 87' lang='lat' dir='ltr'>tione</span> <span class='ocrx_word' id='word_1_46' title='bbox 638 1618 788 1715; x_wconf 86' lang='lat' dir='ltr'>contigit</span> <span class='ocrx_word' id='word_1_47' title='bbox 797 1616 1028 1710; x_wconf 79' lang='lat' dir='ltr'>miraculum,</span> <span class='ocrx_word' id='word_1_48' title='bbox 1037 1616 1137 1717; x_wconf 93' lang='lat' dir='ltr'>quod</span> <span class='ocrx_word' id='word_1_49' title='bbox 1145 1620 1287 1718; x_wconf 89' lang='lat' dir='ltr'>nosipsi</span> <span class='ocrx_word' id='word_1_50' title='bbox 1296 1619 1596 1694; x_wconf 89' lang='lat' dir='ltr'>abassistentibus</span> 
     </span>
     <span class='ocr_line' id='line_1_9' title="bbox 525 1732 1593 1833; baseline -0.001 -25"><span class='ocrx_word' id='word_1_51' title='bbox 525 1734 749 1808; x_wconf 86' lang='lat' dir='ltr'>addiscentes</span> <span class='ocrx_word' id='word_1_52' title='bbox 776 1734 823 1806; x_wconf 91' lang='lat' dir='ltr'>ad</span> <span class='ocrx_word' id='word_1_53' title='bbox 846 1732 991 1806; x_wconf 92' lang='lat' dir='ltr'>laudem</span> <span class='ocrx_word' id='word_1_54' title='bbox 1013 1735 1279 1833; x_wconf 90' lang='lat' dir='ltr'>Omnipotentis</span> <span class='ocrx_word' id='word_1_55' title='bbox 1307 1749 1593 1833; x_wconf 87' lang='lat' dir='ltr'>sanctorumque</span> 
     </span>
     <span class='ocr_line' id='line_1_10' title="bbox 525 1849 1590 1945; baseline -0.002 -22"><span class='ocrx_word' id='word_1_56' title='bbox 525 1875 675 1924; x_wconf 92' lang='lat' dir='ltr'>suorum</span> <span class='ocrx_word' id='word_1_57' title='bbox 702 1850 844 1923; x_wconf 88' lang='lat' dir='ltr'>calamo</span> <span class='ocrx_word' id='word_1_58' title='bbox 872 1866 907 1921; x_wconf 91' lang='lat' dir='ltr'>et</span> <span class='ocrx_word' id='word_1_59' title='bbox 922 1864 1123 1923; x_wconf 86' lang='lat' dir='ltr'>atramento</span> <span class='ocrx_word' id='word_1_60' title='bbox 1143 1849 1329 1945; x_wconf 80' lang='lat' dir='ltr'>adsignare</span> <span class='ocrx_word' id='word_1_61' title='bbox 1350 1849 1590 1925; x_wconf 86' lang='lat' dir='ltr'>decrevimus.</span> 
     </span>
    </p>

    <p class='ocr_par' dir='ltr' id='par_1_3' title="bbox 519 1966 1594 3572">
     <span class='ocr_line' id='line_1_11' title="bbox 573 1966 1591 2065; baseline 0 -28"><span class='ocrx_word' id='word_1_62' title='bbox 573 1971 635 2039; x_wconf 88' lang='lat'><em>111.</em></span> <span class='ocrx_word' id='word_1_63' title='bbox 656 1966 821 2056; x_wconf 90' lang='lat' dir='ltr'>Quadam</span> <span class='ocrx_word' id='word_1_64' title='bbox 837 1966 958 2065; x_wconf 89' lang='lat' dir='ltr'>itaque</span> <span class='ocrx_word' id='word_1_65' title='bbox 966 1966 1132 2055; x_wconf 91' lang='lat' dir='ltr'>die,cum</span> <span class='ocrx_word' id='word_1_66' title='bbox 1142 1966 1315 2039; x_wconf 87' lang='lat' dir='ltr'>imbrium</span> <span class='ocrx_word' id='word_1_67' title='bbox 1327 1967 1507 2040; x_wconf 80' lang='lat' dir='ltr'>refusione</span> <span class='ocrx_word' id='word_1_68' title='bbox 1519 1982 1591 2039; x_wconf 88' lang='lat' dir='ltr'>tur·</span> 
     </span>
     <span class='ocr_line' id='line_1_12' title="bbox 524 2081 1594 2183; baseline 0.001 -29"><span class='ocrx_word' id='word_1_69' title='bbox 524 2081 650 2156; x_wconf 90' lang='lat' dir='ltr'>batum</span> <span class='ocrx_word' id='word_1_70' title='bbox 676 2108 757 2155; x_wconf 90' lang='lat' dir='ltr'>aera</span> <span class='ocrx_word' id='word_1_71' title='bbox 780 2081 971 2155; x_wconf 88' lang='lat' dir='ltr'>tenebrosa</span> <span class='ocrx_word' id='word_1_72' title='bbox 986 2082 1181 2156; x_wconf 79' lang='lat' dir='ltr'>obtexisset</span> <span class='ocrx_word' id='word_1_73' title='bbox 1195 2083 1367 2183; x_wconf 89' lang='lat' dir='ltr'>opacitas,</span> <span class='ocrx_word' id='word_1_74' title='bbox 1395 2083 1594 2158; x_wconf 90' lang='lat' dir='ltr'>adventan-</span> 
     </span>
     <span class='ocr_line' id='line_1_13' title="bbox 524 2197 1590 2298; baseline 0 -27"><span class='ocrx_word' id='word_1_75' title='bbox 524 2197 620 2271; x_wconf 91' lang='lat' dir='ltr'>tibus</span> <span class='ocrx_word' id='word_1_76' title='bbox 635 2197 681 2270; x_wconf 90' lang='lat' dir='ltr'>ad</span> <span class='ocrx_word' id='word_1_77' title='bbox 700 2197 929 2296; x_wconf 88' lang='lat' dir='ltr'>quadrariam</span> <span class='ocrx_word' id='word_1_78' title='bbox 938 2198 1120 2298; x_wconf 89' lang='lat' dir='ltr'>plaustris,</span> <span class='ocrx_word' id='word_1_79' title='bbox 1136 2199 1199 2297; x_wconf 94' lang='lat' dir='ltr'>qui</span> <span class='ocrx_word' id='word_1_80' title='bbox 1214 2198 1396 2295; x_wconf 88' lang='lat' dir='ltr'>adjutores</span> <span class='ocrx_word' id='word_1_81' title='bbox 1409 2223 1486 2273; x_wconf 87' lang='lat' dir='ltr'>esse</span> <span class='ocrx_word' id='word_1_82' title='bbox 1501 2223 1590 2271; x_wconf 91' lang='lat' dir='ltr'>cou-</span> 
     </span>
     <span class='ocr_line' id='line_1_14' title="bbox 523 2313 1592 2414; baseline 0.005 -30"><span class='ocrx_word' id='word_1_83' title='bbox 523 2329 711 2388; x_wconf 88' lang='lat' dir='ltr'>sueverant</span> <span class='ocrx_word' id='word_1_84' title='bbox 736 2313 911 2414; x_wconf 90' lang='lat' dir='ltr'>operandi</span> <span class='ocrx_word' id='word_1_85' title='bbox 938 2339 1007 2413; x_wconf 91' lang='lat' dir='ltr'>pro</span> <span class='ocrx_word' id='word_1_86' title='bbox 1028 2313 1193 2413; x_wconf 88' lang='lat' dir='ltr'>impluvii</span> <span class='ocrx_word' id='word_1_87' title='bbox 1210 2314 1436 2388; x_wconf 86' lang='lat' dir='ltr'>infestatione</span> <span class='ocrx_word' id='word_1_88' title='bbox 1451 2316 1592 2414; x_wconf 89' lang='lat' dir='ltr'>seipsos</span> 
     </span>
     <span class='ocr_line' id='line_1_15' title="bbox 522 2428 1591 2528; baseline 0.004 -28"><span class='ocrx_word' id='word_1_89' title='bbox 522 2428 809 2503; x_wconf 88' lang='lat' dir='ltr'>absentaverunt.</span> <span class='ocrx_word' id='word_1_90' title='bbox 837 2430 1007 2504; x_wconf 91' lang='lat' dir='ltr'>Bubulcis</span> <span class='ocrx_word' id='word_1_91' title='bbox 1034 2452 1119 2503; x_wconf 89' lang='lat' dir='ltr'>vero</span> <span class='ocrx_word' id='word_1_92' title='bbox 1152 2431 1386 2528; x_wconf 88' lang='lat' dir='ltr'>querentibus</span> <span class='ocrx_word' id='word_1_93' title='bbox 1414 2447 1451 2504; x_wconf 91' lang='lat' dir='ltr'>et</span> <span class='ocrx_word' id='word_1_94' title='bbox 1477 2432 1591 2505; x_wconf 86' lang='lat' dir='ltr'>recla-</span> 
     </span>
     <span class='ocr_line' id='line_1_16' title="bbox 522 2544 1589 2646; baseline 0.003 -29"><span class='ocrx_word' id='word_1_95' title='bbox 522 2544 705 2618; x_wconf 90' lang='lat' dir='ltr'>mantibus</span> <span class='ocrx_word' id='word_1_96' title='bbox 726 2570 764 2618; x_wconf 89' lang='lat' dir='ltr'>se</span> <span class='ocrx_word' id='word_1_97' title='bbox 781 2547 857 2619; x_wconf 94' lang='lat' dir='ltr'>otio</span> <span class='ocrx_word' id='word_1_98' title='bbox 881 2570 1021 2639; x_wconf 79' lang='lat' dir='ltr'>vacere,</span> <span class='ocrx_word' id='word_1_99' title='bbox 1045 2547 1231 2646; x_wconf 87' lang='lat' dir='ltr'>operarios</span> <span class='ocrx_word' id='word_1_100' title='bbox 1250 2547 1496 2645; x_wconf 79' lang='lat' dir='ltr'>praestolantes</span> <span class='ocrx_word' id='word_1_101' title='bbox 1510 2572 1589 2620; x_wconf 88' lang='lat' dir='ltr'>sus·</span> 
     </span>
     <span class='ocr_line' id='line_1_17' title="bbox 522 2660 1590 2761; baseline 0.001 -26"><span class='ocrx_word' id='word_1_102' title='bbox 522 2660 692 2761; x_wconf 90' lang='lat' dir='ltr'>pendere,</span> <span class='ocrx_word' id='word_1_103' title='bbox 728 2687 842 2760; x_wconf 89' lang='lat' dir='ltr'>usque</span> <span class='ocrx_word' id='word_1_104' title='bbox 882 2662 973 2736; x_wconf 91' lang='lat' dir='ltr'>adeo</span> <span class='ocrx_word' id='word_1_105' title='bbox 1001 2660 1194 2735; x_wconf 89' lang='lat' dir='ltr'>clamando</span> <span class='ocrx_word' id='word_1_106' title='bbox 1230 2664 1449 2751; x_wconf 88' lang='lat' dir='ltr'>institerunt,</span> <span class='ocrx_word' id='word_1_107' title='bbox 1486 2663 1590 2761; x_wconf 93' lang='lat' dir='ltr'>quod</span> 
     </span>
     <span class='ocr_line' id='line_1_18' title="bbox 522 2776 1590 2878; baseline 0 -28"><span class='ocrx_word' id='word_1_108' title='bbox 522 2776 671 2876; x_wconf 88' lang='lat' dir='ltr'>quidam</span> <span class='ocrx_word' id='word_1_109' title='bbox 699 2778 895 2852; x_wconf 88' lang='lat' dir='ltr'>imbecilles</span> <span class='ocrx_word' id='word_1_110' title='bbox 919 2793 955 2852; x_wconf 93' lang='lat' dir='ltr'>et</span> <span class='ocrx_word' id='word_1_111' title='bbox 981 2778 1118 2851; x_wconf 90' lang='lat' dir='ltr'>debiles</span> <span class='ocrx_word' id='word_1_112' title='bbox 1147 2803 1232 2851; x_wconf 89' lang='lat' dir='ltr'>cum</span> <span class='ocrx_word' id='word_1_113' title='bbox 1256 2780 1378 2878; x_wconf 91' lang='lat' dir='ltr'>pueris</span> <span class='ocrx_word' id='word_1_114' title='bbox 1404 2777 1590 2877; x_wconf 88' lang='lat' dir='ltr'>aliquibus</span> 
     </span>
     <span class='ocr_line' id='line_1_19' title="bbox 522 2893 1590 2994; baseline 0.002 -29"><span class='ocrx_word' id='word_1_115' title='bbox 522 2918 675 2965; x_wconf 90' lang='lat' dir='ltr'>numero</span> <span class='ocrx_word' id='word_1_116' title='bbox 690 2893 817 2968; x_wconf 89' lang='lat' dir='ltr'>decem</span> <span class='ocrx_word' id='word_1_117' title='bbox 831 2910 867 2967; x_wconf 88' lang='lat' dir='ltr'>et</span> <span class='ocrx_word' id='word_1_118' title='bbox 882 2909 1034 2994; x_wconf 90' lang='lat' dir='ltr'>septem,</span> <span class='ocrx_word' id='word_1_119' title='bbox 1047 2909 1234 2994; x_wconf 77' lang='lat' dir='ltr'>prasente,</span> <span class='ocrx_word' id='word_1_120' title='bbox 1250 2894 1318 2967; x_wconf 92' lang='lat' dir='ltr'>nisi</span> <span class='ocrx_word' id='word_1_121' title='bbox 1334 2893 1452 2985; x_wconf 90' lang='lat' dir='ltr'>sallor,</span> <span class='ocrx_word' id='word_1_122' title='bbox 1471 2918 1590 2967; x_wconf 73' lang='lat' dir='ltr'>sacer</span> 
     </span>
     <span class='ocr_line' id='line_1_20' title="bbox 521 3008 1589 3109; baseline 0.002 -28"><span class='ocrx_word' id='word_1_123' title='bbox 521 3008 620 3102; x_wconf 91' lang='lat' dir='ltr'>dote,</span> <span class='ocrx_word' id='word_1_124' title='bbox 638 3009 685 3082; x_wconf 92' lang='lat' dir='ltr'>ad</span> <span class='ocrx_word' id='word_1_125' title='bbox 700 3010 931 3109; x_wconf 88' lang='lat' dir='ltr'>quadrariam</span> <span class='ocrx_word' id='word_1_126' title='bbox 947 3010 1245 3102; x_wconf 85' lang='lat' dir='ltr'>acceleraverunt,</span> <span class='ocrx_word' id='word_1_127' title='bbox 1264 3033 1447 3107; x_wconf 88' lang='lat' dir='ltr'>unamque</span> <span class='ocrx_word' id='word_1_128' title='bbox 1458 3009 1589 3083; x_wconf 89' lang='lat' dir='ltr'>corda·</span> 
     </span>
     <span class='ocr_line' id='line_1_21' title="bbox 520 3124 1589 3217; baseline 0.002 -21"><span class='ocrx_word' id='word_1_129' title='bbox 520 3148 602 3196; x_wconf 89' lang='lat' dir='ltr'>rum</span> <span class='ocrx_word' id='word_1_130' title='bbox 624 3139 857 3217; x_wconf 73' lang='lat' dir='ltr'>assumentes»,</span> <span class='ocrx_word' id='word_1_131' title='bbox 877 3124 1056 3199; x_wconf 75' lang='lat' dir='ltr'>columne</span> <span class='ocrx_word' id='word_1_132' title='bbox 1077 3124 1312 3216; x_wconf 85' lang='lat' dir='ltr'>innectentes,</span> <span class='ocrx_word' id='word_1_133' title='bbox 1330 3125 1438 3197; x_wconf 88' lang='lat' dir='ltr'>aliam</span> <span class='ocrx_word' id='word_1_134' title='bbox 1456 3125 1589 3199; x_wconf 89' lang='lat' dir='ltr'>sudem</span> 
     </span>
     <span class='ocr_line' id='line_1_22' title="bbox 521 3240 1588 3339; baseline 0.002 -27"><span class='ocrx_word' id='word_1_135' title='bbox 521 3240 557 3311; x_wconf 92' lang='lat' dir='ltr'>in</span> <span class='ocrx_word' id='word_1_136' title='bbox 573 3255 669 3313; x_wconf 84' lang='lat' dir='ltr'>terra</span> <span class='ocrx_word' id='word_1_137' title='bbox 680 3241 859 3337; x_wconf 86' lang='lat' dir='ltr'>jacentem</span> <span class='ocrx_word' id='word_1_138' title='bbox 875 3240 1102 3314; x_wconf 90' lang='lat' dir='ltr'>dimiserunt.</span> <span class='ocrx_word' id='word_1_139' title='bbox 1122 3244 1245 3338; x_wconf 89' lang='lat' dir='ltr'>Neque</span> <span class='ocrx_word' id='word_1_140' title='bbox 1259 3242 1357 3313; x_wconf 92' lang='lat' dir='ltr'>enim</span> <span class='ocrx_word' id='word_1_141' title='bbox 1372 3253 1448 3313; x_wconf 90' lang='lat' dir='ltr'>erat</span> <span class='ocrx_word' id='word_1_142' title='bbox 1461 3241 1527 3339; x_wconf 90' lang='lat' dir='ltr'>qui</span> <span class='ocrx_word' id='word_1_143' title='bbox 1544 3266 1588 3314; x_wconf 89' lang='lat' dir='ltr'>ea</span> 
     </span>
     <span class='ocr_line' id='line_1_23' title="bbox 519 3355 1587 3457; baseline 0.002 -29"><span class='ocrx_word' id='word_1_144' title='bbox 519 3357 659 3429; x_wconf 90' lang='lat' dir='ltr'>trahere</span> <span class='ocrx_word' id='word_1_145' title='bbox 674 3357 902 3431; x_wconf 85' lang='lat' dir='ltr'>inniteretur.</span> <span class='ocrx_word' id='word_1_146' title='bbox 921 3358 1106 3429; x_wconf 73' lang='lat' dir='ltr'>Animatus</span> <span class='ocrx_word' id='word_1_147' title='bbox 1123 3356 1244 3454; x_wconf 86' lang='lat' dir='ltr'>itaque</span> <span class='ocrx_word' id='word_1_148' title='bbox 1261 3380 1345 3451; x_wconf 77' lang='lat' dir='ltr'>grex</span> <span class='ocrx_word' id='word_1_149' title='bbox 1363 3355 1513 3455; x_wconf 85' lang='lat' dir='ltr'>pusillus</span> <span class='ocrx_word' id='word_1_150' title='bbox 1523 3358 1587 3457; x_wconf 88' lang='lat' dir='ltr'>pio</span> 
     </span>
     <span class='ocr_line' id='line_1_24' title="bbox 520 3472 1587 3572; baseline 0 -29"><span class='ocrx_word' id='word_1_151' title='bbox 520 3472 613 3545; x_wconf 87' lang='lat' dir='ltr'>zelo:</span> <span class='ocrx_word' id='word_1_152' title='bbox 632 3502 650 3539; x_wconf 78' lang='grc' dir='ltr'>α</span> <span class='ocrx_word' id='word_1_153' title='bbox 663 3474 998 3572; x_wconf 89' lang='lat' dir='ltr'>Sancte,inquiunt,</span> <span class='ocrx_word' id='word_1_154' title='bbox 1010 3472 1172 3569; x_wconf 88' lang='lat' dir='ltr'>Dionysi,</span> <span class='ocrx_word' id='word_1_155' title='bbox 1189 3497 1256 3570; x_wconf 91' lang='lat' dir='ltr'>pro</span> <span class='ocrx_word' id='word_1_156' title='bbox 1265 3472 1380 3570; x_wconf 90' lang='lat' dir='ltr'>teipso</span> <span class='ocrx_word' id='word_1_157' title='bbox 1394 3486 1587 3543; x_wconf 81' lang='lat' dir='ltr'>vacantem</span> 
     </span>
    </p>
   </div>
   <div class='ocr_carea' id='block_1_3' title="bbox 409 3586 1585 4265">
    <p class='ocr_par' dir='ltr' id='par_1_4' title="bbox 409 3586 1585 4265">
     <span class='ocr_line' id='line_1_25' title="bbox 409 3586 1585 3687; baseline -0.002 -28"><span class='ocrx_word' id='word_1_158' title='bbox 409 3619 414 3628; x_wconf 92' lang='lat'>·</span> <span class='ocrx_word' id='word_1_159' title='bbox 519 3587 697 3687; x_wconf 90' lang='lat' dir='ltr'>accipiens</span> <span class='ocrx_word' id='word_1_160' title='bbox 716 3587 857 3671; x_wconf 86' lang='lat' dir='ltr'>sudem,</span> <span class='ocrx_word' id='word_1_161' title='bbox 874 3589 903 3660; x_wconf 91' lang='lat' dir='ltr'>si</span> <span class='ocrx_word' id='word_1_162' title='bbox 918 3588 1048 3685; x_wconf 88' lang='lat' dir='ltr'>placet,</span> <span class='ocrx_word' id='word_1_163' title='bbox 1058 3611 1125 3659; x_wconf 91' lang='lat' dir='ltr'>uos</span> <span class='ocrx_word' id='word_1_164' title='bbox 1142 3586 1285 3683; x_wconf 85' lang='lat' dir='ltr'>adjuva.</span> <span class='ocrx_word' id='word_1_165' title='bbox 1303 3592 1382 3660; x_wconf 88' lang='lat' dir='ltr'>Non</span> <span class='ocrx_word' id='word_1_166' title='bbox 1399 3587 1498 3659; x_wconf 90' lang='lat' dir='ltr'>enim</span> <span class='ocrx_word' id='word_1_167' title='bbox 1512 3610 1585 3658; x_wconf 92' lang='lat' dir='ltr'>no-</span> 
     </span>
     <span class='ocr_line' id='line_1_26' title="bbox 518 3700 1585 3803; baseline -0.001 -29"><span class='ocrx_word' id='word_1_168' title='bbox 518 3702 588 3795; x_wconf 89' lang='lat' dir='ltr'>bis,</span> <span class='ocrx_word' id='word_1_169' title='bbox 599 3704 628 3775; x_wconf 93' lang='lat' dir='ltr'>si</span> <span class='ocrx_word' id='word_1_170' title='bbox 640 3728 713 3775; x_wconf 90' lang='lat' dir='ltr'>non</span> <span class='ocrx_word' id='word_1_171' title='bbox 726 3703 937 3803; x_wconf 87' lang='lat' dir='ltr'>poterimus,</span> <span class='ocrx_word' id='word_1_172' title='bbox 952 3704 1130 3801; x_wconf 85' lang='lat' dir='ltr'>imputare</span> <span class='ocrx_word' id='word_1_173' title='bbox 1143 3703 1293 3801; x_wconf 87' lang='lat' dir='ltr'>poteris.</span> <span class='ocrx_word' id='word_1_174' title='bbox 1307 3705 1489 3800; x_wconf 77' lang='lat' dir='ltr'>»Moxque</span> <span class='ocrx_word' id='word_1_175' title='bbox 1504 3700 1585 3773; x_wconf 84' lang='lat' dir='ltr'>lor-</span> 
     </span>
     <span class='ocr_line' id='line_1_27' title="bbox 520 3817 1585 3918; baseline -0.001 -28"><span class='ocrx_word' id='word_1_176' title='bbox 520 3818 603 3891; x_wconf 88' lang='lat' dir='ltr'>titer</span> <span class='ocrx_word' id='word_1_177' title='bbox 640 3818 894 3918; x_wconf 86' lang='lat' dir='ltr'>impingentes,</span> <span class='ocrx_word' id='word_1_178' title='bbox 926 3817 1027 3915; x_wconf 92' lang='lat' dir='ltr'>quod</span> <span class='ocrx_word' id='word_1_179' title='bbox 1069 3832 1215 3891; x_wconf 88' lang='lat' dir='ltr'>centum</span> <span class='ocrx_word' id='word_1_180' title='bbox 1254 3817 1489 3916; x_wconf 87' lang='lat' dir='ltr'>quadraginta</span> <span class='ocrx_word' id='word_1_181' title='bbox 1519 3832 1585 3889; x_wconf 89' lang='lat' dir='ltr'>aut</span> 
     </span>
     <span class='ocr_line' id='line_1_28' title="bbox 518 3932 1583 4029; baseline 0.001 -25"><span class='ocrx_word' id='word_1_182' title='bbox 518 3934 637 4005; x_wconf 92' lang='lat' dir='ltr'>minus</span> <span class='ocrx_word' id='word_1_183' title='bbox 651 3948 798 4007; x_wconf 90' lang='lat' dir='ltr'>eentum</span> <span class='ocrx_word' id='word_1_184' title='bbox 816 3934 968 4029; x_wconf 80' lang='lat' dir='ltr'>graviter</span> <span class='ocrx_word' id='word_1_185' title='bbox 978 3932 1026 4005; x_wconf 91' lang='lat' dir='ltr'>ab</span> <span class='ocrx_word' id='word_1_186' title='bbox 1038 3934 1110 4005; x_wconf 92' lang='lat' dir='ltr'>ima</span> <span class='ocrx_word' id='word_1_187' title='bbox 1126 3932 1216 4006; x_wconf 91' lang='lat' dir='ltr'>valle</span> <span class='ocrx_word' id='word_1_188' title='bbox 1229 3934 1415 4007; x_wconf 82' lang='lat' dir='ltr'>extrahere</span> <span class='ocrx_word' id='word_1_189' title='bbox 1428 3956 1583 4005; x_wconf 90' lang='lat' dir='ltr'>consue·</span> 
     </span>
     <span class='ocr_line' id='line_1_29' title="bbox 518 4048 1580 4149; baseline 0.001 -28"><span class='ocrx_word' id='word_1_190' title='bbox 518 4064 655 4143; x_wconf 87' lang='lat' dir='ltr'>verant,</span> <span class='ocrx_word' id='word_1_191' title='bbox 680 4050 749 4149; x_wconf 91' lang='lat' dir='ltr'>ipsi</span> <span class='ocrx_word' id='word_1_192' title='bbox 772 4076 846 4125; x_wconf 91' lang='lat' dir='ltr'>non</span> <span class='ocrx_word' id='word_1_193' title='bbox 874 4075 940 4148; x_wconf 90' lang='lat' dir='ltr'>per</span> <span class='ocrx_word' id='word_1_194' title='bbox 960 4074 1011 4140; x_wconf 90' lang='lat' dir='ltr'>se,</span> <span class='ocrx_word' id='word_1_195' title='bbox 1028 4049 1130 4148; x_wconf 92' lang='lat' dir='ltr'>quod</span> <span class='ocrx_word' id='word_1_196' title='bbox 1148 4049 1369 4149; x_wconf 90' lang='lat' dir='ltr'>impossibile</span> <span class='ocrx_word' id='word_1_197' title='bbox 1382 4065 1488 4139; x_wconf 88' lang='lat' dir='ltr'>esset,</span> <span class='ocrx_word' id='word_1_198' title='bbox 1516 4048 1580 4122; x_wconf 91' lang='lat' dir='ltr'>sed</span> 
     </span>
     <span class='ocr_line' id='line_1_30' title="bbox 517 4164 1579 4265; baseline -0.001 -28"><span class='ocrx_word' id='word_1_199' title='bbox 517 4164 700 4238; x_wconf 90' lang='lat' dir='ltr'>voluntate</span> <span class='ocrx_word' id='word_1_200' title='bbox 711 4165 792 4239; x_wconf 85' lang='lat' dir='ltr'>Dei¹</span> <span class='ocrx_word' id='word_1_201' title='bbox 811 4180 848 4239; x_wconf 91' lang='lat' dir='ltr'>et</span> <span class='ocrx_word' id='word_1_202' title='bbox 857 4180 1067 4239; x_wconf 89' lang='lat' dir='ltr'>sanctorum</span> <span class='ocrx_word' id='word_1_203' title='bbox 1077 4190 1170 4265; x_wconf 88' lang='lat' dir='ltr'>quos</span> <span class='ocrx_word' id='word_1_204' title='bbox 1178 4165 1395 4239; x_wconf 88' lang='lat' dir='ltr'>invocabant</span> <span class='ocrx_word' id='word_1_205' title='bbox 1405 4165 1579 4262; x_wconf 79' lang='lat' dir='ltr'>suffragio</span> 
     </span>
    </p>
   </div>
   <div class='ocr_carea' id='block_1_4' title="bbox 516 4411 1578 4570">
    <p class='ocr_par' dir='ltr' id='par_1_5' title="bbox 516 4411 1578 4570">
     <span class='ocr_line' id='line_1_31' title="bbox 558 4411 1578 4493; baseline 0.004 -24"><span class='ocrx_word' id='word_1_206' title='bbox 558 4414 588 4473; x_wconf 80' lang='lat' dir='ltr'>l.</span> <span class='ocrx_word' id='word_1_207' title='bbox 603 4413 688 4489; x_wconf 85' lang='lat' dir='ltr'>Quod</span> <span class='ocrx_word' id='word_1_208' title='bbox 696 4416 835 4471; x_wconf 78' lang='lat' dir='ltr'>voluntate</span> <span class='ocrx_word' id='word_1_209' title='bbox 844 4416 901 4473; x_wconf 83' lang='lat' dir='ltr'>Dei</span> <span class='ocrx_word' id='word_1_210' title='bbox 910 4411 1026 4474; x_wconf 77' lang='lat' dir='ltr'>chesnii</span> <span class='ocrx_word' id='word_1_211' title='bbox 1040 4413 1102 4491; x_wconf 87' lang='lat' dir='ltr'>ed.,</span> <span class='ocrx_word' id='word_1_212' title='bbox 1114 4432 1200 4493; x_wconf 83' lang='lat' dir='ltr'>quam</span> <span class='ocrx_word' id='word_1_213' title='bbox 1213 4412 1256 4474; x_wconf 92' lang='lat' dir='ltr'>sic</span> <span class='ocrx_word' id='word_1_214' title='bbox 1265 4412 1455 4486; x_wconf 84' lang='lat' dir='ltr'>correximus,</span> <span class='ocrx_word' id='word_1_215' title='bbox 1477 4413 1578 4492; x_wconf 75' lang='lat' dir='ltr'>utpote</span> 
     </span>
     <span class='ocr_line' id='line_1_32' title="bbox 516 4505 810 4570; baseline 0.017 -5"><span class='ocrx_word' id='word_1_216' title='bbox 516 4506 619 4568; x_wconf 85' lang='lat' dir='ltr'>deuter</span> <span class='ocrx_word' id='word_1_217' title='bbox 629 4505 810 4570; x_wconf 79' lang='lat' dir='ltr'>mendosam.</span> 
     </span>
    </p>
   </div>
   <div class='ocr_carea' id='block_1_5' title="bbox 0 0 1876 5667">
    <p class='ocr_par' dir='ltr' id='par_1_6' title="bbox 0 0 1876 5667">
     <span class='ocr_line' id='line_1_33' title="bbox 0 0 1876 5667; baseline 0 5"><span class='ocrx_word' id='word_1_218' title='bbox 0 0 1876 5667; x_wconf 95' lang='lat' dir='ltr'> </span> 
     </span>
    </p>
   </div>
  </div>
 </body>
</html>
