3742 5667
564 1123 634 1173 xtv.
664 1124 711 1173 AD
732 1124 919 1176 Eudamum
941 1126 984 1174 lll
1006 1126 1140 1175 ettam.

324 1392 422 1467 Suger
435 1391 550 1465 supplic
568 1391 594 1445 le
611 1406 690 1465 pape
709 1390 746 1445 de
761 1390 887 1464 prendre
905 1393 937 1446 la
957 1390 1077 1465 defense
1100 1392 1152 1447 des
1170 1391 1334 1468 religieuses
1351 1394 1389 1449 de

365 1486 549 1541 Fontcorault
560 1495 652 1541 contre
664 1480 789 1561 livione
798 1486 835 1543 de
848 1487 983 1558 Pollius,
994 1487 1070 1542 etde
1083 1490 1236 1543 moiutent'r
1249 1483 1392 1562 l'eoeemp·

366 1581 428 1634 tion
437 1580 506 1635 dont
517 1580 585 1636 elles
589 1584 741 1653 jouissent.

806 1760 911 1842 (tlte)

377 1972 568 2048 Canissimo
589 1974 739 2047 domino
765 1988 801 2045 et
823 1974 930 2071 patri,
949 1974 1016 2046 Dei
1042 1975 1165 2071 gratia,
1187 2000 1329 2048 summo
1354 1992 1389 2051 et

328 2090 519 2164 universali
543 2089 706 2189 pontifici
728 2091 899 2187 Eugenio‚
921 2090 1089 2185 Sugerius
1108 2092 1206 2164 Beati
1229 2093 1391 2189 Dionysii

328 2207 456 2297 abbas,
476 2204 690 2279 obedientiae
706 2221 743 2278 et
756 2205 889 2279 servitii
901 2206 1175 2303 plenitudinem.

378 2328 448 2395 Pro
457 2322 640 2395 sororibus
653 2322 750 2421 apud
759 2326 908 2394 Fontem
924 2321 1070 2395 Ebraldi
1083 2322 1121 2394 in
1130 2338 1251 2396 sancta
1264 2340 1300 2397 et
1313 2328 1391 2399 Deo

329 2438 540 2537 acceptabili
555 2438 726 2535 religione
739 2436 963 2534 degentibus»,
988 2462 1077 2535 quas
1101 2438 1291 2538 episcopus
1313 2443 1391 2513 Pic-

329 2555 519 2646 tavensis¹,
545 2554 805 2653 subjectionem
825 2554 871 2626 ab
896 2554 947 2627 eis
974 2552 1173 2653 requirens,
1192 2579 1390 2654 earumque

328 2669 565 2744 abbatissam¹
578 2669 791 2744 benedicere
809 2669 949 2761 nolens,
967 2669 1147 2765 defatigat,
1168 2672 1282 2744 sancti
1294 2677 1388 2770 Apo-

329 2787 477 2861 stolatus
489 2787 596 2859 vestri
606 2786 853 2859 celsitudinem
869 2809 940 2884 qua
950 2810 1140 2884 possumus
1155 2811 1261 2885 prece
1271 2788 1389 2886 pulsa-

330 2927 424 2995 mus,
447 2919 501 2997 ut,
520 2902 612 2974 sicut
626 2916 750 2977 vestrae
773 2900 950 2974 incumbit
976 2898 1184 2974 discretioni
1206 2902 1405 2975 imbecilli.

331 3034 439 3091 tatem
452 3017 626 3091 debilium
641 3015 870 3089 confovendo
886 3019 1073 3107 sustinere,
1089 3016 1180 3115 quid
1192 3018 1388 3115 unicuique

329 3134 494 3233 expediat
508 3132 713 3232 providere,
743 3132 921 3228 fragilitati
945 3156 1049 3203 sexus
1073 3131 1386 3223 condescendatis,

329 3264 365 3320 et
379 3250 465 3346 quia
484 3262 601 3320 vestra
621 3249 834 3320 auctoritate
852 3248 1078 3338 innituntur,
1103 3272 1163 3319 eas
1186 3247 1253 3320 sub
1271 3265 1389 3320 vestra

330 3366 552 3463 protectione
568 3363 776 3454 retineatis⁸,
794 3388 861 3435 nec
883 3362 986 3435 alteri
1002 3361 1129 3458 subjici
1143 3361 1271 3456 velitis,
1290 3379 1326 3435 et
1341 3364 1388 3437 ab

330 3477 579 3574 defatigatione
605 3501 664 3549 eas
689 3478 726 3550 in
753 3502 839 3577 pace
872 3501 948 3549 esse
978 3477 1125 3548 faciatis.
1158 3478 1266 3549 Novit
1292 3479 1389 3550 enim

329 3610 445 3667 vestm
464 3593 630 3666 discretio
655 3593 756 3690 quod
784 3592 972 3667 animabus
1000 3616 1125 3664 earum
1144 3616 1218 3664 non
1245 3594 1389 3694 expedit

330 3711 483 3782 claustra
502 3710 708 3782 monasterii
729 3710 784 3782 sui
801 3710 909 3801 exire,
935 3732 1002 3781 nec
1021 3708 1090 3781 hac
1115 3710 1304 3781 occasione
1327 3708 1384 3781 vel

330 3826 396 3898 alia
417 3825 544 3898 saeculo
560 3852 597 3898 se
613 3825 773 3922 jungere.
801 3824 919 3898 Nostis
940 3825 1051 3916 enim,
1078 3826 1107 3897 si
1129 3838 1255 3898 vestrae
1272 3824 1387 3923 placet

331 3942 548 4031 Patet-nitati,
575 3940 674 4039 quod
703 3940 868 4039 praefatus
893 3942 1080 4039 episcopus
1100 3938 1278 4037 subjectos
1303 3965 1386 4012 suos

371 4198 400 4254 l.
415 4192 604 4255 Gisiebertus.

371 4292 389 4347 2
418 4287 597 4368 Mathildem‚
611 4307 739 4347 sororem
750 4288 884 4348 Falconis
897 4287 1031 4365 junioris,
1042 4287 1153 4348 comitis
1160 4288 1387 4369 Andegavcnsis.

372 4387 399 4444 3.
416 4383 461 4442 Cf.
481 4382 604 4461 Eugenii
623 4382 744 4457 litteras,
759 4385 840 4443 datas
852 4383 1017 4456 Tusculani,
1037 4404 1080 4442 vu
1097 4383 1154 4445 kat.
1174 4396 1223 4443 aut
1239 4384 1304 4445 idus
1318 4404 1388 4465 sep-

333 4474 460 4549 tembris,
475 4476 615 4535 inllerum
627 4480 725 4555 gallic.
736 4482 849 4554 script„
862 4478 927 4551 XV,
942 4480 1012 4541 1155.
