3742 5667
542 784 598 841 336
757 783 920 840 OEUVRES
939 781 1155 840 couPtnTEs
1174 781 1224 838 DE
1243 782 1375 840 suunt.

542 910 702 999 miseriae,
712 909 813 981 omni
824 933 920 982 anno
933 908 994 980 tali
1006 932 1048 980 ac
1059 909 1205 982 tantuin
1216 908 1602 1006 operibusmiscrioor·

541 1027 608 1100 diae
619 1024 829 1098 relevabunt
850 1023 1032 1120 suffragio.
1053 1029 1094 1096 In
1106 1038 1287 1096 conventu
1301 1024 1447 1122 plenum
1463 1022 1603 1123 persol-

540 1157 627 1215 vent
641 1140 801 1214 officium
818 1153 996 1237 quotquot
1015 1139 1049 1210 in
1071 1136 1279 1210 sacerdotali
1297 1138 1425 1211 ordine
1451 1138 1600 1222 luerint,

541 1257 666 1331 eadem
682 1255 741 1328 die
754 1254 912 1328 Domino
928 1257 1005 1326 Deo
1022 1252 1234 1325 sacrificium
1251 1279 1317 1352 pro
1334 1254 1439 1326 nobis
1458 1254 1601 1328 miseri-

539 1373 698 1446 corditer
716 1371 925 1461 olierentes3
946 1369 1075 1467 reliqui
1091 1393 1177 1441 vero
1199 1369 1326 1442 iratres
1341 1371 1603 1468 quinquaginta

541 1487 765 1560 Psalmorum
789 1484 972 1559 oblatione
996 1483 1101 1558 nobis
1124 1484 1219 1583 apud
1242 1486 1438 1558 Dominum
1469 1485 1603 1558 subve-

541 1603 654 1675 nient.
673 1603 744 1690 Qui
757 1624 842 1674 vero
857 1625 920 1672 eos
936 1601 1140 1691 nescierint,
1160 1623 1201 1672 ea
1216 1626 1287 1698 qua
1303 1615 1473 1699 poterunt
1492 1601 1602 1674 nobis

539 1719 719 1791 oratione¹
734 1715 1012 1788 misericorditer
1025 1717 1276 1787 succurrant²:
1298 1732 1377 1810 eget
1392 1717 1489 1788 enirn
1515 1741 1601 1814 par-

539 1832 629 1904 vitas
640 1847 760 1904 nostra
772 1847 808 1903 et
825 1854 953 1925 magno
969 1845 1004 1902 et
1023 1854 1149 1930 parvo.
1168 1834 1211 1901 Et
1232 1835 1403 1927 quoniam
1426 1845 1599 1928 tanquam

539 1947 709 2020 carissimi
728 1962 765 2019 et
777 1944 972 2018 dulcissimi
990 1945 1115 2018 iratres
1130 1969 1364 2043 quaecumque
1377 1945 1487 2018 abeis
1500 1945 1599 2020 bona

539 2063 637 2158 exegi
661 2060 812 2134 fideliter
828 2059 1130 2159 repromiserunt,
1151 2061 1222 2133 hoc
1237 2060 1345 2133 etiam
1361 2084 1381 2132 a
1398 2075 1478 2133 toto
1500 2063 1599 2160 capi-

540 2177 616 2251 tulo
633 2177 868 2269 obtinuimus,
884 2191 925 2248 ut
946 2175 992 2247 de
1004 2177 1141 2274 capicio
1157 2177 1365 2274 capiciarius
1384 2176 1506 2268 irater,
1522 2177 1601 2274 qui-

539 2317 696 2391 cumque
719 2293 766 2364 sit
791 2291 862 2381 ille,
889 2291 1121 2362 relectionem
1153 2291 1322 2365 iratribus
1346 2292 1381 2363 in
1409 2291 1599 2364 refectorio

538 2410 615 2508 ipsa
631 2409 689 2481 die
703 2407 935 2481 anniversarii
950 2407 1064 2478 nostri
1086 2421 1249 2478 accurate
1268 2406 1507 2505 persolvendo
1519 2431 1601 2506 pro·

539 2538 653 2616 curet,
687 2523 778 2596 duas
800 2521 966 2595 videlicet
982 2520 1151 2594 omnibus
1167 2547 1390 2612 communes,
1409 2547 1482 2596 nou
1508 2547 1598 2620 qua-

540 2639 759 2737 lescumque,
782 2638 846 2711 sed
861 2638 1037 2736 plenarias
1062 2654 1099 2710 et
1119 2653 1220 2736 aptas
1235 2637 1440 2711 exhibendo
1456 2639 1596 2738 pictan-

537 2755 621 2829 eias.
650 2759 772 2826 Frater
796 2757 944 2827 tamen‘
967 2753 1158 2828 celerarius
1184 2753 1346 2848 generale
1365 2778 1473 2826 suum
1494 2779 1596 2826 more

537 2869 644 2942 solito
658 2885 841 2969 praeponat
853 2872 883 2960 ’ς
907 2869 1130 2968 pigmentum
1156 2868 1312 2942 habeant
1337 2869 1462 2940 iratres
1479 2868 1526 2940 de
1542 2892 1597 2942 ca-

540 3009 637 3058 mera
651 3000 688 3058 et
709 2984 865 3058 cellario.
888 2987 1065 3080 Rogamus
1080 2999 1199 3056 autern
1228 2984 1439 3083 suppliciter
1466 3007 1513 3056 ne
1531 2983 1596 3056 lia-

537 3115 592 3173 ter
607 3099 682 3189 ille,
706 3101 779 3173 sive
795 3124 861 3172 nos
882 3099 1026 3190 viderit,
1050 3100 1123 3172 sive
1146 3099 1303 3190 minime,
1322 3123 1493 3200 expensas
1513 3099 1595 3170 istas

537 3240 628 3313 aegre
646 3217 750 3307 ierat,
775 3241 858 3288 cnm
890 3215 927 3285 in
950 3239 1079 3311 magna
1098 3230 1200 3314 parte
1223 3214 1333 3287 officii
1360 3216 1436 3312 ejus
1461 3214 1592 3286 multas

538 3331 758 3404 exsolventes
777 3327 947 3428 expe‘nsas
970 3329 1112 3401 solliciti
1136 3329 1308 3401 lueriinns
1331 3358 1340 3422 3
1366 3328 1533 3402 videlicet
1559 3330 1596 3400 in

537 3448 624 3519 novi
635 3461 670 3518 et
686 3446 806 3541 magni
819 3443 960 3517 aedifioii
971 3445 1126 3517 ecclesiae
1139 3445 1443 3540 augmentatione,
1460 3446 1496 3517 in
1514 3445 1594 3518 adi-

538 3561 703 3641 ficatione
717 3585 854 3658 magoae
868 3577 904 3633 et
919 3561 1110 3634 caritativae
1127 3561 1256 3633 domus
1273 3560 1471 3659 hospitum,
1485 3561 1521 3632 in
1543 3585 1596 3632 re·

537 3677 722 3777 paratione
744 3691 779 3749 et
812 3678 1042 3750 renovatione
1064 3675 1266 3749 dormitorii
1286 3691 1323 3749 et
1346 3675 1538 3767 refectorii,
1561 3690 1595 3748 et

537 3794 574 3866 in
607 3795 893 3891 augmentatione
921 3792 1133 3867 obedientiae
1161 3795 1329 3885 thesauri,
1348 3808 1384 3866 et
1414 3793 1449 3864 in
1472 3791 1594 3864 multis

537 3911 615 3983 aliis
632 3926 706 3983 tarn
720 3910 872 3983 ecclesiae
883 3935 993 4007 quarn
1005 3910 1229 3984 officinarum
1245 3911 1462 4009 sumptuosis
1476 3909 1593 4008 uperi·

538 4027 620 4118 hus,
640 4051 729 4124 quas
749 4049 960 4098 enumerare
976 4024 1253 4124 supersedimus,
1279 4049 1325 4097 ne
1346 4025 1459 4097 inanis
1475 4024 1594 4120 gloriae

537 4157 600 4214 aut
622 4140 770 4239 alicujus
790 4141 998 4237 arrogantiae
1018 4139 1137 4233 titulo,
1159 4165 1234 4238 quo
1252 4141 1379 4212 anirnae
1399 4165 1485 4213 meae
1505 4163 1594 4240 opus

578 4328 608 4384 l.
625 4325 772 4386 Oblatt'one
783 4323 850 4385 edd.
867 4322 972 4382 chesn.
985 4333 1015 4381 et
1029 4321 1119 4382 tetih.
1145 4357 1185 4369 -
1206 4326 1236 4384 2.
1249 4329 1417 4386 Succurrent
1427 4323 1532 4384 Cbtsn.
1547 4324 1591 4384 ed.

579 4423 609 4480 3.
624 4424 732 4488 Etiam,
749 4437 804 4498 pro
816 4432 921 4489 maren,
936 4413 1003 4475 edd.
1019 4414 1123 4475 Chesu.
1136 4428 1165 4477 et
1175 4415 1266 4481 retib.

579 4517 608 4573 lt.
621 4515 765 4589 Properat
775 4512 883 4572 eadem
896 4509 966 4572 edd.
