3742 5667
754 798 934 856 tuentes,
1314 799 1372 859 329

310 929 564 1002 constituimus
586 928 777 1001 :videlicet
796 929 1099 1029 'l'lteopltaniam⁸,
1122 931 1372 1004 ascensionem

310 1045 481 1134 Domini,
497 1046 608 1117 sancti
630 1045 801 1118 lobannis
817 1047 979 1145 Baptistae
996 1047 1240 1131 Nativitatem,
1263 1047 1373 1120 beatae

311 1161 434 1233 Mariae
459 1159 671 1257 Magdalenae
694 1159 1000 1257 demigrationem,
1023 1177 1144 1234 ortum
1164 1161 1374 1234 beatissimae

312 1309 528 1383 semperque
549 1284 697 1382 virginis
721 1286 851 1377 Mariae,
876 1285 1219 1383 preciosissimorum
1240 1301 1370 1382 marty·

312 1425 396 1472 rum
412 1399 650 1473 Thebaeorum
669 1401 944 1473 solemnitatem.
974 1401 1126 1497 Singulis
1148 1418 1268 1475 autem
1287 1425 1372 1498 prae-

314 1515 397 1587 latis
418 1513 704 1587 solemnitatibus
724 1530 870 1588 centum
884 1517 1008 1611 viginti
1032 1515 1236 1604 solidos,ad
1258 1532 1373 1589 tanta-

315 1657 398 1703 rum
407 1630 660 1703 exaltationem
669 1631 1108 1728 fratrumquenostrorum
1124 1632 1370 1723 resectionem,

314 1771 474 1844 quorum
503 1746 680 1841 sexaginta
711 1745 844 1819 solidos
873 1746 918 1818 de
948 1747 1096 1845 praefato
1126 1747 1298 1845 pedagico
1338 1763 1374 1820 et

315 1859 494 1953 sexaginta
531 1856 578 1928 de
613 1859 843 1956 praepositura
877 1859 1063 1930 Vilcassiui
1096 1858 1372 1956 persolventur,

315 1974 547 2044 vehementer
569 1973 838 2045 confirmamus.
859 1973 968 2063 Quod
983 1974 1012 2044 si
1037 1997 1121 2046 casu
1145 1997 1374 2071 quocumque

316 2087 373 2160 vel
400 2087 589 2160 occasione
615 2089 744 2186 aliqua,
778 2089 877 2187 quo'd
906 2088 1016 2180 absit,
1045 2089 1182 2188 praelati
1208 2087 1371 2162 redditus

317 2203 605 2275 diminuerentur
621 2205 740 2293 nimis,
762 2221 825 2277 aut
848 2206 999 2277 omnino
1016 2204 1222 2295 delicerent,
1242 2229 1284 2276 ex
1299 2204 1375 2276 aliis

318 2318 474 2392 ecclesiae
494 2318 602 2416 bajus
628 2319 828 2395 redditibus
851 2322 1010 2421 suppleri
1036 2337 1071 2394 et
1091 2320 1137 2393 ab
1166 2320 1298 2393 abbate
1321 2345 1375 2393 re-

317 2434 1372 2535 lormariaequeDeiomnipotentisauctoritateprecipimus.

366 2549 631 2622 Refectionibus
663 2574 808 2647 quoque
847 2575 976 2621 eorum
1016 2553 1249 2648 vespertinis,
1286 2577 1375 2650 quas
1458 2533 1463 2553 ⁵

317 2667 444 2741 dicunt
465 2691 601 2756 ooenas,
632 2668 803 2764 quoniam
831 2693 851 2738 a
880 2692 993 2765 puero
1021 2683 1057 2741 et
1082 2668 1261 2742 cotidiana
1297 2669 1375 2742 offi-

317 2782 437 2854 cialis¹
450 2806 572 2853 earnm
595 2780 853 2854 declamatione
872 2782 1050 2881 aliquibus
1071 2785 1303 2880 cognovimus
1320 2784 1375 2856 iu-

317 2898 437 2993 digere
448 2898 688 2989 incrementis,
696 2881 874 2971 decimani
885 2899 932 2971 de
942 2903 1071 2972 Sancto
1092 2899 1376 2971 Luciauousibus

316 3015 449 3086 nostris
465 3013 724 3086 deservientem
738 3013 957 3087 contulimus
974 3040 1041 3087 :eo
1059 3015 1224 3087 videlicet
1235 3031 1373 3106 tenore,

319 3145 358 3201 ut
371 3125 515 3202 exinde·
525 3129 807 3202 anniversarium
823 3145 987 3202 nostrum
1004 3145 1086 3228 post
1103 3130 1288 3204 decessum
1307 3130 1376 3202 hu·

316 3246 470 3343 justitae
486 3246 522 3315 iu
540 3260 754 3342 perpetuum
770 3245 913 3336 faciant,
932 3259 969 3316 et
984 3245 1021 3316 iu
1036 3269 1080 3316 eo
1099 3245 1225 3317 decem
1241 3245 1377 3318 solidos

317 3360 503 3432 refectioni
522 3384 594 3431 suae
613 3386 634 3431 a
655 3361 833 3432 monacho
855 3362 1259 3460 connumerandam.
1278 3365 1377 3449 Qua-

322 3492 469 3574 propter
488 3501 509 3546 a
538 3476 728 3547 carissimis
750 3475 920 3547 fratribus
942 3475 1095 3572 filiisque
1115 3477 1264 3565 uostris,
1292 3502 1376 3549 cum

322 3596 453 3693 quibus
468 3595 626 3668 divinam
646 3595 802 3691 elingere
818 3596 1100 3692 indignationem
1113 3611 1149 3668 et
1173 3597 1376 3669 misericor-

321 3712 416 3783 diam
431 3714 570 3810 assequi
590 3712 740 3784 sollicite
762 3727 1012 3812 praeoptamus,
1033 3727 1161 3810 praeter
1181 3711 1376 3810 peculiares

321 3852 446 3898 eorum
474 3827 653 3898 orationes
685 3826 773 3898 dum
804 3827 871 3899 hac
898 3827 978 3899 luce
1002 3828 1164 3925 praesenti
1188 3827 1369 3925 potimur,

320 3943 419 4013 omni
445 3940 570 4040 quinta
590 3957 627 4013 et
650 3943 906 4039 septima'seria
930 3966 1002 4039 qua
1024 3941 1177 4040 praelatae
1201 3941 1377 4014 celebrari

359 4180 390 4235 l.
408 4175 622 4253 Ylteopltaneam
637 4175 763 4238 chartul.
777 4175 980 4239 nedeltesn.

359 4272 389 4328 2.
404 4274 432 4328 A
438 4282 578 4345 prasente
590 4283 618 4327 et
631 4271 775 4326 cotidiana
788 4269 969 4346 officialium,
986 4269 1071 4340 malti,
1086 4267 1155 4332 edit.
1165 4265 1295 4327 Dableti.

360 4369 388 4422 3.
405 4365 445 4424 Ut
462 4378 490 4421 et
517 4365 583 4421 inde
596 4363 643 4425 ed.
656 4362 761 4424 Chesn.

360 4459 390 4513 lt.
405 4456 463 4529 Qui
482 4470 612 4537 tempore
628 4459 662 4518 P.
676 4456 805 4530 Dableti,
822 4470 853 4516 ut
869 4457 931 4537 ipse
950 4455 1095 4529 observat,
1113 4453 1207 4515 adbuc
1226 4471 1376 4533 nuncupa-

322 4533 404 4596 batur
415 4539 528 4597 Cenier.
