3742 5667
491 842 549 901 uso
711 839 875 899 OEuvuns
896 822 1109 900 consinus
1129 842 1179 900 nn
1199 841 1333 903 sunus.

612 1245 648 1294 v.
680 1246 807 1294 nrrrnn
828 1245 879 1294 nn
906 1245 996 1294 mn
1021 1227 1159 1295 suum
1183 1245 1223 1293 111
1250 1246 1272 1295 ι
1298 1245 1422 1297 soors.

528 1511 691 1602 Eugenius
712 1511 891 1603 episoopns‚
917 1533 1028 1578 servus
1055 1535 1221 1578 servorum
1243 1511 1315 1590 Dei,
1343 1512 1461 1580 diiecto
1481 1512 1548 1580 ulio

485 1615 632 1706 sugerio,
646 1611 756 1682 abbati
769 1613 877 1679 Sancti
890 1611 1048 1704 Dionysii,
1064 1614 1199 1682 salutem
1215 1631 1249 1681 et
1264 1615 1474 1706 apostolieum
1486 1618 1546 1685 be-

485 1715 713 1786 nedictionem.
940 1791 948 1802 ‚

528 1821 632 1912 Super
651 1817 742 1885 obitu
770 1817 826 1884 filii
848 1818 950 1886 nostri
974 1820 1128 1887 Iohannis
1149 1823 1277 1912 nepotis
1300 1822 1408 1905 vestri,
1434 1847 1543 1914 quem,

483 1923 566 1991 siout
576 1921 767 2014 rooepimus,
780 1945 841 2013 pro
853 1921 991 2014 negotiis
1000 1922 1098 2014 ipsius
1108 1923 1248 1991 ecclesie
1258 1923 1300 1991 ad
1310 1942 1454 1993 nostrum
1467 1926 1546 1993 mit·

485 2029 575 2095 tebus
596 2025 810 2118 praesentiam,
831 2043 965 2118 paterna
990 2029 1049 2092 tibi
1071 2026 1239 2094 affectione
1262 2027 1488 2119 compatimur,
1513 2047 1547 2096 et

484 2132 585 2222 ipsius
619 2129 759 2196 unimam
784 2128 926 2196 Domino
961 2129 1112 2221 precibus
1137 2131 1456 2198 commendamus...
1493 2133 1546 2198 Au

483 2249 640 2313 montem,
654 2231 741 2299 unde
756 2231 862 2303 veniet
875 2230 1028 2298 auxilium
1041 2231 1114 2312 tibi,
1130 2231 1246 2300 mentis
1261 2249 1323 2298 tuae
1338 2233 1440 2300 aciem
1453 2233 1543 2326 figas,

483 2351 516 2403 et
529 2333 694 2426 roligionis
707 2357 746 2400 uo
768 2333 948 2400 honestatis
964 2349 1026 2400 tuae
1041 2333 1246 2426 propositum
1260 2334 1294 2400 in
1311 2338 1452 2402 Domino
1462 2361 1544 2404 oon-

482 2437 621 2505 torturus
639 2436 774 2504 firmiter
795 2451 918 2514 teneus,
944 2459 1004 2502 nec
1025 2452 1197 2527 propterea
1217 2435 1361 2505 dimittas
1386 2438 1464 2530 quin
1484 2465 1544 2532 pro

482 2539 622 2608 eoolssiae
642 2556 705 2606 tuse
724 2537 1020 2629 opportunitatibus
1036 2539 1080 2604 ad
1100 2539 1212 2606 sedem
1232 2539 1441 2630 apostolieum
1463 2542 1542 2608 diri-

481 2665 549 2735 gss,
560 2657 595 2708 et
604 2643 634 2708 ei
644 2657 763 2708 statum
776 2657 838 2707 tuus
851 2640 1047 2708 necessitatis
1058 2663 1213 2732 exponas.
1228 2642 1296 2708 Nos
1307 2644 1394 2709 enim
1405 2642 1543 2710 eandem

481 2747 648 2816 ecelesiam
660 2761 692 2812 et
706 2767 878 2838 personum
894 2763 982 2812 tunm
996 2744 1118 2812 sinoers
1126 2744 1161 2812 in
1173 2746 1314 2814 Domino
1325 2748 1457 2814 cantato
1468 2746 1542 2814 dili·

481 2865 604 2941 gentes,
622 2849 726 2940 pursti
740 2872 849 2916 sumus
860 2851 962 2937 justus
981 2846 1213 2939 postulationes
1229 2858 1349 2917 vestras
1363 2851 1541 2934 attendere,

481 2967 514 3019 et
528 2952 561 3018 in
577 2951 693 3043 quibus
709 2951 886 3020 secundum
897 2950 1073 3019 Dominum
1084 2974 1257 3043 possumus
1269 2951 1452 3020 exaudiret

577 3313 627 3362 vr.
658 3311 789 3360 unu-run
811 3309 859 3374 ns
880 3311 1027 3378 nonnnr,
1056 3292 1192 3373 ἐνίαυε
1214 3286 1441 3378 n'nsurronr,

924 3437 945 3484 ι
970 3435 1092 3484 suurn.

523 3693 695 3772 liebertus,
728 3691 787 3758 Dei
814 3693 917 3782 guntin
942 3690 1186 3758 Herefordeosis
1221 3692 1361 3760 conlusio
1396 3693 1539 3762 minister

478 3794 623 3873 humilis,
639 3793 721 3861 votis
739 3810 772 3860 et
790 3792 952 3883 obsequiis
974 3792 1108 3884 Sugerio
1122 3794 1304 3862 venerando
1324 3795 1434 3864 obbeti
1448 3797 1537 3864 Beati

477 3895 621 3988 Dionysii
638 3895 785 3970 sulutem,
801 3912 845 3975 et,
869 3894 896 3961 si
917 3917 996 3986 quus
1015 3894 1114 3963 habet
1126 3896 1338 3988 reoeptihiles,
1356 3896 1537 3966 ontionum

476 4000 543 4068 suff
598 3999 605 4013 ’
631 4049 639 4066 .

520 4023 631 4172 Oriigis'i
648 4099 788 4169 liberulis
807 4101 916 4193 gratio
933 4117 1059 4183 vestre,
1078 4118 1146 4168 tum
1164 4101 1287 4170 dudum
1303 4105 1382 4172 mihi
1394 4107 1536 4175 exhibitu

477 4230 574 4300 quem
591 4207 702 4298 soepins
721 4205 842 4290 oblata,
860 4205 1041 4275 debitorem
1060 4229 1113 4273 me
1134 4220 1245 4272 tenent
1267 4235 1277 4273 z
1300 4207 1409 4275 sinon
1432 4212 1536 4278 vioem

475 4308 654 4403 supendere
673 4307 787 4401 possit,
807 4308 920 4376 saltem
935 4326 973 4375 ut
991 4307 1110 4401 gratias
1126 4309 1256 4390 referat,
1272 4334 1351 4401 quos
1363 4313 1464 4404 possit
1478 4339 1536 4382 vo·

514 4562 543 4620 t.
557 4559 600 4618 Ex
612 4555 731 4628 chesn,
743 4558 793 4630 w,
809 4557 1002 4620 &iffi-fler.
1015 4561 1115 4636 gallic.
1134 4563 1246 4635 script„
1259 4561 1325 4630 XV,
1340 4563 1410 4622 tto.
