<?xml version="1.0" encoding="UTF-8"?>
<!DOCTYPE html PUBLIC "-//W3C//DTD XHTML 1.0 Transitional//EN"
    "http://www.w3.org/TR/xhtml1/DTD/xhtml1-transitional.dtd">
<html xmlns="http://www.w3.org/1999/xhtml" xml:lang="en" lang="en">
 <head>
  <title>
</title>
<meta http-equiv="Content-Type" content="text/html;charset=utf-8" />
  <meta name='ocr-system' content='tesseract 3.04.00' />
  <meta name='ocr-capabilities' content='ocr_page ocr_carea ocr_par ocr_line ocrx_word'/>
</head>
<body>
  <div class='ocr_page' id='page_1' title='image "./oeuvrescompltes00sugegoog_0306.png"; bbox 0 0 3742 5667; ppageno 0'>
   <div class='ocr_carea' id='block_1_1' title="bbox 505 744 1345 826">
    <p class='ocr_par' dir='ltr' id='par_1_1' title="bbox 505 744 1345 826">
     <span class='ocr_line' id='line_1_1' title="bbox 505 744 1345 826; baseline 0.008 -8"><span class='ocrx_word' id='word_1_1' title='bbox 505 762 563 819; x_wconf 80' lang='lat' dir='ltr'>au</span> <span class='ocrx_word' id='word_1_2' title='bbox 722 766 885 826; x_wconf 84' lang='lat' dir='ltr'>muvnns</span> <span class='ocrx_word' id='word_1_3' title='bbox 904 744 1119 824; x_wconf 70' lang='lat' dir='ltr'>conpatres</span> <span class='ocrx_word' id='word_1_4' title='bbox 1138 764 1189 821; x_wconf 84' lang='lat' dir='ltr'>nu</span> <span class='ocrx_word' id='word_1_5' title='bbox 1210 763 1345 825; x_wconf 77' lang='lat' dir='ltr'>suern.</span> 
     </span>
    </p>
   </div>
   <div class='ocr_carea' id='block_1_2' title="bbox 502 883 1569 2851">
    <p class='ocr_par' dir='ltr' id='par_1_2' title="bbox 502 883 1569 2851">
     <span class='ocr_line' id='line_1_2' title="bbox 505 883 1566 994; baseline 0.001 -26"><span class='ocrx_word' id='word_1_6' title='bbox 505 895 689 992; x_wconf 89' lang='lat' dir='ltr'>pendiensi</span> <span class='ocrx_word' id='word_1_7' title='bbox 701 898 861 989; x_wconf 90' lang='lat' dir='ltr'>ecclesia,</span> <span class='ocrx_word' id='word_1_8' title='bbox 874 921 953 994; x_wconf 87' lang='lat' dir='ltr'>quae</span> <span class='ocrx_word' id='word_1_9' title='bbox 968 883 1104 994; x_wconf 88' lang='lat' dir='ltr'>dejure</span> <span class='ocrx_word' id='word_1_10' title='bbox 1118 895 1214 968; x_wconf 91' lang='lat' dir='ltr'>beati</span> <span class='ocrx_word' id='word_1_11' title='bbox 1231 897 1326 969; x_wconf 85' lang='lat' dir='ltr'>Petri</span> <span class='ocrx_word' id='word_1_12' title='bbox 1339 911 1454 969; x_wconf 83' lang='lat' dir='ltr'>vestra</span> <span class='ocrx_word' id='word_1_13' title='bbox 1467 898 1566 970; x_wconf 88' lang='lat' dir='ltr'>inni·</span> 
     </span>
     <span class='ocr_line' id='line_1_3' title="bbox 506 1009 1567 1103; baseline 0.003 -22"><span class='ocrx_word' id='word_1_14' title='bbox 506 1011 594 1085; x_wconf 88' lang='lat' dir='ltr'>titur</span> <span class='ocrx_word' id='word_1_15' title='bbox 613 1014 842 1103; x_wconf 88' lang='lat' dir='ltr'>auctoritate,</span> <span class='ocrx_word' id='word_1_16' title='bbox 866 1037 939 1085; x_wconf 93' lang='lat' dir='ltr'>una</span> <span class='ocrx_word' id='word_1_17' title='bbox 963 1011 1008 1084; x_wconf 94' lang='lat' dir='ltr'>de</span> <span class='ocrx_word' id='word_1_18' title='bbox 1027 1009 1264 1084; x_wconf 83' lang='lat' dir='ltr'>nobilioribus</span> <span class='ocrx_word' id='word_1_19' title='bbox 1288 1010 1503 1103; x_wconf 83' lang='lat' dir='ltr'>Galliarum,</span> <span class='ocrx_word' id='word_1_20' title='bbox 1529 1012 1567 1085; x_wconf 88' lang='lat' dir='ltr'>si</span> 
     </span>
     <span class='ocr_line' id='line_1_4' title="bbox 505 1126 1566 1204; baseline 0.001 -6"><span class='ocrx_word' id='word_1_21' title='bbox 505 1127 645 1202; x_wconf 84' lang='lat' dir='ltr'>infamis</span> <span class='ocrx_word' id='word_1_22' title='bbox 674 1131 864 1204; x_wconf 82' lang='lat' dir='ltr'>enormitas</span> <span class='ocrx_word' id='word_1_23' title='bbox 892 1128 1152 1201; x_wconf 84' lang='lat' dir='ltr'>canonicorum</span> <span class='ocrx_word' id='word_1_24' title='bbox 1183 1126 1462 1201; x_wconf 77' lang='lat' dir='ltr'>inhabitantium</span> <span class='ocrx_word' id='word_1_25' title='bbox 1485 1153 1566 1201; x_wconf 91' lang='lat' dir='ltr'>non</span> 
     </span>
     <span class='ocr_line' id='line_1_5' title="bbox 505 1241 1567 1341; baseline 0.001 -26"><span class='ocrx_word' id='word_1_26' title='bbox 505 1243 709 1339; x_wconf 87' lang='lat' dir='ltr'>obstitisset,</span> <span class='ocrx_word' id='word_1_27' title='bbox 733 1247 896 1319; x_wconf 78' lang='lat' dir='ltr'>existens.</span> <span class='ocrx_word' id='word_1_28' title='bbox 918 1242 1027 1333; x_wconf 90' lang='lat' dir='ltr'>Quod</span> <span class='ocrx_word' id='word_1_29' title='bbox 1045 1241 1276 1317; x_wconf 86' lang='lat' dir='ltr'>memorabile</span> <span class='ocrx_word' id='word_1_30' title='bbox 1297 1243 1432 1315; x_wconf 82' lang='lat' dir='ltr'>lactum</span> <span class='ocrx_word' id='word_1_31' title='bbox 1449 1268 1567 1341; x_wconf 70' lang='lat' dir='ltr'>quam</span> 
     </span>
     <span class='ocr_line' id='line_1_6' title="bbox 505 1360 1567 1459; baseline 0 -28"><span class='ocrx_word' id='word_1_32' title='bbox 505 1361 561 1433; x_wconf 90' lang='lat' dir='ltr'>vel</span> <span class='ocrx_word' id='word_1_33' title='bbox 582 1362 767 1459; x_wconf 92' lang='lat' dir='ltr'>quomodo</span> <span class='ocrx_word' id='word_1_34' title='bbox 794 1360 936 1435; x_wconf 80' lang='lat' dir='ltr'>effectui</span> <span class='ocrx_word' id='word_1_35' title='bbox 961 1360 1153 1459; x_wconf 90' lang='lat' dir='ltr'>mancipari</span> <span class='ocrx_word' id='word_1_36' title='bbox 1180 1360 1356 1457; x_wconf 87' lang='lat' dir='ltr'>potuerit,</span> <span class='ocrx_word' id='word_1_37' title='bbox 1381 1360 1567 1458; x_wconf 89' lang='lat' dir='ltr'>stupendo</span> 
     </span>
     <span class='ocr_line' id='line_1_7' title="bbox 505 1476 1566 1577; baseline -0.002 -26"><span class='ocrx_word' id='word_1_38' title='bbox 505 1478 738 1573; x_wconf 89' lang='lat' dir='ltr'>admiramur,</span> <span class='ocrx_word' id='word_1_39' title='bbox 757 1480 825 1552; x_wconf 91' lang='lat' dir='ltr'>nisi</span> <span class='ocrx_word' id='word_1_40' title='bbox 842 1480 925 1577; x_wconf 90' lang='lat' dir='ltr'>quia</span> <span class='ocrx_word' id='word_1_41' title='bbox 943 1502 1088 1551; x_wconf 70' lang='lat' dir='ltr'>mantum</span> <span class='ocrx_word' id='word_1_42' title='bbox 1105 1477 1251 1551; x_wconf 91' lang='lat' dir='ltr'>Domini</span> <span class='ocrx_word' id='word_1_43' title='bbox 1271 1500 1345 1550; x_wconf 92' lang='lat' dir='ltr'>non</span> <span class='ocrx_word' id='word_1_44' title='bbox 1369 1476 1566 1550; x_wconf 77' lang='lat' dir='ltr'>invalidam</span> 
     </span>
     <span class='ocr_line' id='line_1_8' title="bbox 505 1591 1569 1692; baseline -0.003 -25"><span class='ocrx_word' id='word_1_45' title='bbox 505 1610 541 1667; x_wconf 89' lang='lat' dir='ltr'>et</span> <span class='ocrx_word' id='word_1_46' title='bbox 561 1597 653 1669; x_wconf 87' lang='lat' dir='ltr'>Petn&#39;</span> <span class='ocrx_word' id='word_1_47' title='bbox 678 1594 923 1668; x_wconf 86' lang='lat' dir='ltr'>fortitudinem</span> <span class='ocrx_word' id='word_1_48' title='bbox 952 1594 990 1666; x_wconf 94' lang='lat' dir='ltr'>in</span> <span class='ocrx_word' id='word_1_49' title='bbox 1016 1593 1073 1665; x_wconf 90' lang='lat' dir='ltr'>his</span> <span class='ocrx_word' id='word_1_50' title='bbox 1098 1593 1213 1667; x_wconf 87' lang='lat' dir='ltr'>ethis</span> <span class='ocrx_word' id='word_1_51' title='bbox 1237 1591 1411 1666; x_wconf 91' lang='lat' dir='ltr'>similibus</span> <span class='ocrx_word' id='word_1_52' title='bbox 1437 1606 1474 1665; x_wconf 91' lang='lat' dir='ltr'>et</span> <span class='ocrx_word' id='word_1_53' title='bbox 1495 1616 1569 1692; x_wconf 87' lang='lat' dir='ltr'>per</span> 
     </span>
     <span class='ocr_line' id='line_1_9' title="bbox 506 1708 1563 1808; baseline -0.003 -25"><span class='ocrx_word' id='word_1_54' title='bbox 506 1713 626 1783; x_wconf 89' lang='lat' dir='ltr'>omnia</span> <span class='ocrx_word' id='word_1_55' title='bbox 645 1712 888 1808; x_wconf 82' lang='lat' dir='ltr'>cognovimus.</span> <span class='ocrx_word' id='word_1_56' title='bbox 910 1708 1085 1782; x_wconf 88' lang='lat' dir='ltr'>Subversa</span> <span class='ocrx_word' id='word_1_57' title='bbox 1106 1724 1207 1804; x_wconf 91' lang='lat' dir='ltr'>sunt,</span> <span class='ocrx_word' id='word_1_58' title='bbox 1233 1714 1338 1783; x_wconf 89' lang='lat' dir='ltr'>Pater</span> <span class='ocrx_word' id='word_1_59' title='bbox 1361 1709 1563 1800; x_wconf 84' lang='lat' dir='ltr'>carissime,</span> 
     </span>
     <span class='ocr_line' id='line_1_10' title="bbox 505 1824 1568 1926; baseline -0.003 -28"><span class='ocrx_word' id='word_1_60' title='bbox 505 1826 551 1899; x_wconf 88' lang='lat' dir='ltr'>ad</span> <span class='ocrx_word' id='word_1_61' title='bbox 562 1828 805 1901; x_wconf 84' lang='lat' dir='ltr'>executionem</span> <span class='ocrx_word' id='word_1_62' title='bbox 822 1839 951 1899; x_wconf 83' lang='lat' dir='ltr'>sanctae</span> <span class='ocrx_word' id='word_1_63' title='bbox 961 1825 1207 1926; x_wconf 76' lang='lat' dir='ltr'>praeceptionis</span> <span class='ocrx_word' id='word_1_64' title='bbox 1216 1841 1353 1919; x_wconf 84' lang='lat' dir='ltr'>vestrae,</span> <span class='ocrx_word' id='word_1_65' title='bbox 1370 1839 1482 1898; x_wconf 84' lang='lat' dir='ltr'>castra</span> <span class='ocrx_word' id='word_1_66' title='bbox 1497 1824 1568 1896; x_wconf 92' lang='lat' dir='ltr'>ini-</span> 
     </span>
     <span class='ocr_line' id='line_1_11' title="bbox 507 1939 1566 2042; baseline -0.001 -29"><span class='ocrx_word' id='word_1_67' title='bbox 507 1942 668 2039; x_wconf 88' lang='lat' dir='ltr'>quitatis;</span> <span class='ocrx_word' id='word_1_68' title='bbox 691 1956 807 2015; x_wconf 91' lang='lat' dir='ltr'>erecta</span> <span class='ocrx_word' id='word_1_69' title='bbox 824 1956 904 2015; x_wconf 87' lang='lat' dir='ltr'>sunt</span> <span class='ocrx_word' id='word_1_70' title='bbox 925 1939 1076 2012; x_wconf 88' lang='lat' dir='ltr'>ibidem¹</span> <span class='ocrx_word' id='word_1_71' title='bbox 1088 1956 1204 2030; x_wconf 76' lang='lat' dir='ltr'>castra</span> <span class='ocrx_word' id='word_1_72' title='bbox 1218 1942 1359 2042; x_wconf 89' lang='lat' dir='ltr'>pietatis</span> <span class='ocrx_word' id='word_1_73' title='bbox 1376 1956 1412 2015; x_wconf 91' lang='lat' dir='ltr'>et</span> <span class='ocrx_word' id='word_1_74' title='bbox 1431 1954 1566 2014; x_wconf 81' lang='lat' dir='ltr'>sanctae</span> 
     </span>
     <span class='ocr_line' id='line_1_12' title="bbox 505 2044 1566 2157; baseline -0.002 -28"><span class='ocrx_word' id='word_1_75' title='bbox 505 2058 699 2155; x_wconf 81' lang='lat' dir='ltr'>religionis,</span> <span class='ocrx_word' id='word_1_76' title='bbox 727 2072 767 2130; x_wconf 88' lang='lat' dir='ltr'>ut</span> <span class='ocrx_word' id='word_1_77' title='bbox 795 2044 841 2129; x_wconf 70' lang='lat' dir='ltr'>in</span> <span class='ocrx_word' id='word_1_78' title='bbox 856 2054 1028 2129; x_wconf 81' lang='lat' dir='ltr'>cubilibus</span> <span class='ocrx_word' id='word_1_79' title='bbox 1058 2059 1096 2127; x_wconf 83' lang='lat' dir='ltr'>in</span> <span class='ocrx_word' id='word_1_80' title='bbox 1115 2056 1241 2157; x_wconf 69' lang='lat' dir='ltr'>qulbus</span> <span class='ocrx_word' id='word_1_81' title='bbox 1259 2060 1366 2157; x_wconf 84' lang='lat' dir='ltr'>prius</span> <span class='ocrx_word' id='word_1_82' title='bbox 1388 2056 1566 2130; x_wconf 82' lang='lat' dir='ltr'>dracones</span> 
     </span>
     <span class='ocr_line' id='line_1_13' title="bbox 504 2171 1563 2272; baseline 0.002 -29"><span class='ocrx_word' id='word_1_83' title='bbox 504 2171 725 2266; x_wconf 76' lang='lat' dir='ltr'>latitabant,</span> <span class='ocrx_word' id='word_1_84' title='bbox 748 2176 887 2247; x_wconf 76' lang='grc' dir='ltr'><em>ονὶαῐιιν</em></span> <span class='ocrx_word' id='word_1_85' title='bbox 909 2176 1004 2245; x_wconf 76' lang='lat' dir='ltr'>viror</span> <span class='ocrx_word' id='word_1_86' title='bbox 1022 2172 1158 2245; x_wconf 83' lang='lat' dir='ltr'>calami</span> <span class='ocrx_word' id='word_1_87' title='bbox 1173 2190 1210 2247; x_wconf 84' lang='lat' dir='ltr'>et</span> <span class='ocrx_word' id='word_1_88' title='bbox 1223 2173 1361 2272; x_wconf 81' lang='lat' dir='ltr'>junci&#39;.</span> <span class='ocrx_word' id='word_1_89' title='bbox 1382 2176 1563 2247; x_wconf 83' lang='lat' dir='ltr'>Tenorem</span> 
     </span>
     <span class='ocr_line' id='line_1_14' title="bbox 505 2288 1566 2386; baseline 0.003 -27"><span class='ocrx_word' id='word_1_90' title='bbox 505 2312 589 2360; x_wconf 90' lang='lat' dir='ltr'>sane</span> <span class='ocrx_word' id='word_1_91' title='bbox 602 2288 750 2361; x_wconf 87' lang='lat' dir='ltr'>actionis</span> <span class='ocrx_word' id='word_1_92' title='bbox 759 2288 867 2386; x_wconf 88' lang='lat' dir='ltr'>hujus</span> <span class='ocrx_word' id='word_1_93' title='bbox 880 2314 923 2361; x_wconf 92' lang='lat' dir='ltr'>ex</span> <span class='ocrx_word' id='word_1_94' title='bbox 938 2288 1065 2363; x_wconf 92' lang='lat' dir='ltr'>ordine</span> <span class='ocrx_word' id='word_1_95' title='bbox 1078 2304 1206 2363; x_wconf 87' lang='lat' dir='ltr'>sanctae</span> <span class='ocrx_word' id='word_1_96' title='bbox 1219 2290 1424 2363; x_wconf 84' lang='lat' dir='ltr'>Paternitati</span> <span class='ocrx_word' id='word_1_97' title='bbox 1436 2304 1566 2362; x_wconf 84' lang='lat' dir='ltr'>vestrae</span> 
     </span>
     <span class='ocr_line' id='line_1_15' title="bbox 505 2402 1565 2504; baseline 0.003 -28"><span class='ocrx_word' id='word_1_98' title='bbox 505 2402 659 2477; x_wconf 87' lang='lat' dir='ltr'>scribere</span> <span class='ocrx_word' id='word_1_99' title='bbox 684 2404 832 2501; x_wconf 83' lang='lat' dir='ltr'>dignum</span> <span class='ocrx_word' id='word_1_100' title='bbox 846 2405 1076 2498; x_wconf 87' lang='lat' dir='ltr'>duxeramus,</span> <span class='ocrx_word' id='word_1_101' title='bbox 1094 2406 1162 2478; x_wconf 90' lang='lat' dir='ltr'>nisi</span> <span class='ocrx_word' id='word_1_102' title='bbox 1175 2406 1259 2504; x_wconf 89' lang='lat' dir='ltr'>quia</span> <span class='ocrx_word' id='word_1_103' title='bbox 1273 2405 1388 2479; x_wconf 89' lang='lat' dir='ltr'>abbas</span> <span class='ocrx_word' id='word_1_104' title='bbox 1402 2405 1565 2504; x_wconf 89' lang='lat' dir='ltr'>ejusdem</span> 
     </span>
     <span class='ocr_line' id='line_1_16' title="bbox 504 2518 1566 2621; baseline 0.003 -29"><span class='ocrx_word' id='word_1_105' title='bbox 504 2520 658 2593; x_wconf 85' lang='lat' dir='ltr'>ecclesiae</span> <span class='ocrx_word' id='word_1_106' title='bbox 671 2518 806 2593; x_wconf 91' lang='lat' dir='ltr'>ibidem</span> <span class='ocrx_word' id='word_1_107' title='bbox 821 2546 937 2620; x_wconf 88' lang='lat' dir='ltr'>nuper</span> <span class='ocrx_word' id='word_1_108' title='bbox 949 2521 1096 2613; x_wconf 89' lang='lat' dir='ltr'>electus,</span> <span class='ocrx_word' id='word_1_109' title='bbox 1112 2546 1229 2621; x_wconf 88' lang='lat' dir='ltr'>nuper</span> <span class='ocrx_word' id='word_1_110' title='bbox 1243 2521 1488 2614; x_wconf 83' lang='lat' dir='ltr'>benedictus&#39;,</span> <span class='ocrx_word' id='word_1_111' title='bbox 1510 2522 1566 2595; x_wconf 80' lang='lat' dir='ltr'>vir</span> 
     </span>
     <span class='ocr_line' id='line_1_17' title="bbox 504 2635 1566 2737; baseline 0.003 -29"><span class='ocrx_word' id='word_1_112' title='bbox 504 2635 717 2709; x_wconf 86' lang='lat' dir='ltr'>venerabilis</span> <span class='ocrx_word' id='word_1_113' title='bbox 736 2651 773 2710; x_wconf 88' lang='lat' dir='ltr'>et</span> <span class='ocrx_word' id='word_1_114' title='bbox 791 2636 989 2735; x_wconf 88' lang='lat' dir='ltr'>approbata</span> <span class='ocrx_word' id='word_1_115' title='bbox 1004 2660 1170 2735; x_wconf 89' lang='lat' dir='ltr'>persona,</span> <span class='ocrx_word' id='word_1_116' title='bbox 1187 2636 1234 2709; x_wconf 90' lang='lat' dir='ltr'>ad</span> <span class='ocrx_word' id='word_1_117' title='bbox 1249 2664 1313 2712; x_wconf 88' lang='lat' dir='ltr'>vos</span> <span class='ocrx_word' id='word_1_118' title='bbox 1329 2652 1503 2737; x_wconf 89' lang='lat' dir='ltr'>tanquam</span> <span class='ocrx_word' id='word_1_119' title='bbox 1518 2638 1566 2711; x_wconf 91' lang='lat' dir='ltr'>ad</span> 
     </span>
     <span class='ocr_line' id='line_1_18' title="bbox 502 2750 1565 2851; baseline 0.002 -28"><span class='ocrx_word' id='word_1_120' title='bbox 502 2750 691 2824; x_wconf 91' lang='lat' dir='ltr'>dominum</span> <span class='ocrx_word' id='word_1_121' title='bbox 715 2767 752 2824; x_wconf 90' lang='lat' dir='ltr'>et</span> <span class='ocrx_word' id='word_1_122' title='bbox 775 2766 933 2851; x_wconf 88' lang='lat' dir='ltr'>patrem,</span> <span class='ocrx_word' id='word_1_123' title='bbox 961 2754 1062 2848; x_wconf 91' lang='lat' dir='ltr'>cujus</span> <span class='ocrx_word' id='word_1_124' title='bbox 1088 2767 1186 2826; x_wconf 92' lang='lat' dir='ltr'>totus</span> <span class='ocrx_word' id='word_1_125' title='bbox 1210 2768 1276 2845; x_wconf 88' lang='lat' dir='ltr'>est,</span> <span class='ocrx_word' id='word_1_126' title='bbox 1302 2754 1475 2827; x_wconf 89' lang='lat' dir='ltr'>festinat:</span> <span class='ocrx_word' id='word_1_127' title='bbox 1501 2753 1565 2851; x_wconf 92' lang='lat' dir='ltr'>qui</span> 
     </span>
    </p>
   </div>
   <div class='ocr_carea' id='block_1_3' title="bbox 503 2867 1567 3194">
    <p class='ocr_par' dir='ltr' id='par_1_3' title="bbox 503 2867 1567 3194">
     <span class='ocr_line' id='line_1_19' title="bbox 503 2867 1563 2968; baseline 0.002 -29"><span class='ocrx_word' id='word_1_128' title='bbox 503 2881 539 2939; x_wconf 90' lang='lat' dir='ltr'>et</span> <span class='ocrx_word' id='word_1_129' title='bbox 561 2868 711 2941; x_wconf 90' lang='lat' dir='ltr'>actionis</span> <span class='ocrx_word' id='word_1_130' title='bbox 735 2867 997 2967; x_wconf 89' lang='lat' dir='ltr'>plenitudinem</span> <span class='ocrx_word' id='word_1_131' title='bbox 1021 2882 1057 2941; x_wconf 92' lang='lat' dir='ltr'>et</span> <span class='ocrx_word' id='word_1_132' title='bbox 1080 2871 1263 2968; x_wconf 88' lang='lat' dir='ltr'>propriam</span> <span class='ocrx_word' id='word_1_133' title='bbox 1286 2870 1563 2961; x_wconf 86' lang='lat' dir='ltr'>conscientiam,</span> 
     </span>
     <span class='ocr_line' id='line_1_20' title="bbox 504 2980 1567 3080; baseline 0.001 -28"><span class='ocrx_word' id='word_1_134' title='bbox 504 2994 678 3075; x_wconf 88' lang='lat' dir='ltr'>quantum</span> <span class='ocrx_word' id='word_1_135' title='bbox 695 2980 741 3053; x_wconf 90' lang='lat' dir='ltr'>ad</span> <span class='ocrx_word' id='word_1_136' title='bbox 754 3005 792 3052; x_wconf 93' lang='lat' dir='ltr'>se</span> <span class='ocrx_word' id='word_1_137' title='bbox 808 2995 957 3079; x_wconf 91' lang='lat' dir='ltr'>spectat,</span> <span class='ocrx_word' id='word_1_138' title='bbox 978 2996 1145 3080; x_wconf 81' lang='lat' dir='ltr'>exponet,</span> <span class='ocrx_word' id='word_1_139' title='bbox 1170 2997 1207 3055; x_wconf 89' lang='lat' dir='ltr'>et</span> <span class='ocrx_word' id='word_1_140' title='bbox 1228 2982 1423 3056; x_wconf 83' lang='lat' dir='ltr'>voluntatis</span> <span class='ocrx_word' id='word_1_141' title='bbox 1440 2996 1567 3055; x_wconf 84' lang='lat' dir='ltr'>vestrae</span> 
     </span>
     <span class='ocr_line' id='line_1_21' title="bbox 505 3095 1426 3194; baseline 0.007 -29"><span class='ocrx_word' id='word_1_142' title='bbox 505 3109 541 3166; x_wconf 94' lang='lat' dir='ltr'>et</span> <span class='ocrx_word' id='word_1_143' title='bbox 559 3095 673 3194; x_wconf 86' lang='lat' dir='ltr'>plenae</span> <span class='ocrx_word' id='word_1_144' title='bbox 693 3096 905 3171; x_wconf 86' lang='lat' dir='ltr'>obedientiae</span> <span class='ocrx_word' id='word_1_145' title='bbox 923 3111 1151 3170; x_wconf 84' lang='lat' dir='ltr'>executorem</span> <span class='ocrx_word' id='word_1_146' title='bbox 1171 3122 1209 3169; x_wconf 92' lang='lat' dir='ltr'>se</span> <span class='ocrx_word' id='word_1_147' title='bbox 1230 3097 1426 3171; x_wconf 87' lang='lat' dir='ltr'>exhibebit.</span> 
     </span>
    </p>
   </div>
   <div class='ocr_carea' id='block_1_4' title="bbox 503 3212 1567 3659">
    <p class='ocr_par' dir='ltr' id='par_1_4' title="bbox 503 3212 1567 3659">
     <span class='ocr_line' id='line_1_22' title="bbox 553 3212 1567 3287; baseline 0.005 -5"><span class='ocrx_word' id='word_1_148' title='bbox 553 3213 765 3285; x_wconf 85' lang='lat' dir='ltr'>Summatim</span> <span class='ocrx_word' id='word_1_149' title='bbox 786 3227 906 3286; x_wconf 85' lang='lat' dir='ltr'>tamen</span> <span class='ocrx_word' id='word_1_150' title='bbox 931 3226 1060 3285; x_wconf 82' lang='lat' dir='ltr'>sanctae</span> <span class='ocrx_word' id='word_1_151' title='bbox 1076 3213 1282 3285; x_wconf 90' lang='lat' dir='ltr'>discretioni</span> <span class='ocrx_word' id='word_1_152' title='bbox 1301 3229 1427 3287; x_wconf 82' lang='lat' dir='ltr'>vestrae</span> <span class='ocrx_word' id='word_1_153' title='bbox 1449 3212 1567 3287; x_wconf 90' lang='lat' dir='ltr'>celare</span> 
     </span>
     <span class='ocr_line' id='line_1_23' title="bbox 504 3326 1567 3429; baseline 0.006 -32"><span class='ocrx_word' id='word_1_154' title='bbox 504 3326 674 3400; x_wconf 90' lang='lat' dir='ltr'>nolumus</span> <span class='ocrx_word' id='word_1_155' title='bbox 688 3328 871 3401; x_wconf 90' lang='lat' dir='ltr'>molestias</span> <span class='ocrx_word' id='word_1_156' title='bbox 888 3343 922 3401; x_wconf 89' lang='lat' dir='ltr'>et</span> <span class='ocrx_word' id='word_1_157' title='bbox 939 3328 1136 3428; x_wconf 87' lang='lat' dir='ltr'>opprobria</span> <span class='ocrx_word' id='word_1_158' title='bbox 1151 3354 1229 3427; x_wconf 87' lang='lat' dir='ltr'>quae</span> <span class='ocrx_word' id='word_1_159' title='bbox 1241 3331 1386 3429; x_wconf 91' lang='lat' dir='ltr'>pessimi</span> <span class='ocrx_word' id='word_1_160' title='bbox 1401 3328 1567 3405; x_wconf 86' lang='lat' dir='ltr'>canonici</span> 
     </span>
     <span class='ocr_line' id='line_1_24' title="bbox 503 3442 1566 3543; baseline 0.006 -30"><span class='ocrx_word' id='word_1_161' title='bbox 503 3442 611 3515; x_wconf 88' lang='lat' dir='ltr'>etiam</span> <span class='ocrx_word' id='word_1_162' title='bbox 635 3444 878 3543; x_wconf 63' lang='lat' dir='ltr'>inpraesentia</span> <span class='ocrx_word' id='word_1_163' title='bbox 903 3444 1043 3517; x_wconf 92' lang='lat' dir='ltr'>domini</span> <span class='ocrx_word' id='word_1_164' title='bbox 1071 3445 1163 3541; x_wconf 84' lang='lat' dir='ltr'>regis</span> <span class='ocrx_word' id='word_1_165' title='bbox 1187 3445 1385 3519; x_wconf 90' lang='lat' dir='ltr'>intulerunt</span> <span class='ocrx_word' id='word_1_166' title='bbox 1413 3446 1566 3519; x_wconf 90' lang='lat' dir='ltr'>domino</span> 
     </span>
     <span class='ocr_line' id='line_1_25' title="bbox 510 3559 1565 3659; baseline 0.007 -32"><span class='ocrx_word' id='word_1_167' title='bbox 510 3559 737 3633; x_wconf 79' lang='lat' dir='ltr'>Noviomcnsi</span> <span class='ocrx_word' id='word_1_168' title='bbox 762 3561 950 3659; x_wconf 77' lang='lat' dir='ltr'>episcopo‘</span> <span class='ocrx_word' id='word_1_169' title='bbox 964 3576 1003 3633; x_wconf 89' lang='lat' dir='ltr'>et</span> <span class='ocrx_word' id='word_1_170' title='bbox 1020 3560 1145 3653; x_wconf 91' lang='lat' dir='ltr'>nobis;</span> <span class='ocrx_word' id='word_1_171' title='bbox 1167 3562 1391 3635; x_wconf 88' lang='lat' dir='ltr'>miserrimus</span> <span class='ocrx_word' id='word_1_172' title='bbox 1412 3562 1473 3637; x_wconf 89' lang='lat' dir='ltr'>ille</span> <span class='ocrx_word' id='word_1_173' title='bbox 1500 3562 1565 3635; x_wconf 89' lang='lat' dir='ltr'>dc·</span> 
     </span>
    </p>
   </div>
   <div class='ocr_carea' id='block_1_5' title="bbox 504 3737 1568 4551">
    <p class='ocr_par' dir='ltr' id='par_1_5' title="bbox 547 3737 1510 3816">
     <span class='ocr_line' id='line_1_26' title="bbox 547 3737 1510 3816; baseline 0 -19"><span class='ocrx_word' id='word_1_174' title='bbox 547 3741 631 3801; x_wconf 74' lang='lat' dir='ltr'>mot</span> <span class='ocrx_word' id='word_1_175' title='bbox 645 3737 694 3801; x_wconf 88' lang='lat' dir='ltr'>ed.</span> <span class='ocrx_word' id='word_1_176' title='bbox 706 3738 812 3800; x_wconf 87' lang='lat' dir='ltr'>Chesn.</span> <span class='ocrx_word' id='word_1_177' title='bbox 824 3770 865 3786; x_wconf 91' lang='lat'>-</span> <span class='ocrx_word' id='word_1_178' title='bbox 877 3738 925 3799; x_wconf 76' lang='lat' dir='ltr'>lbi</span> <span class='ocrx_word' id='word_1_179' title='bbox 937 3739 984 3800; x_wconf 87' lang='lat' dir='ltr'>ed.</span> <span class='ocrx_word' id='word_1_180' title='bbox 1000 3739 1148 3801; x_wconf 87' lang='lat' dir='ltr'>Benedict.</span> <span class='ocrx_word' id='word_1_181' title='bbox 1162 3768 1203 3785; x_wconf 90' lang='lat'>-</span> <span class='ocrx_word' id='word_1_182' title='bbox 1213 3741 1244 3799; x_wconf 74' lang='lat'>2.</span> <span class='ocrx_word' id='word_1_183' title='bbox 1257 3738 1357 3813; x_wconf 83' lang='lat' dir='ltr'>lsaias,</span> <span class='ocrx_word' id='word_1_184' title='bbox 1370 3758 1463 3816; x_wconf 80' lang='lat' dir='ltr'>xxxv,</span> <span class='ocrx_word' id='word_1_185' title='bbox 1479 3742 1510 3798; x_wconf 89' lang='lat' dir='ltr'>&#39;l.</span> 
     </span>
    </p>

    <p class='ocr_par' dir='ltr' id='par_1_6' title="bbox 504 3832 1568 4475">
     <span class='ocr_line' id='line_1_27' title="bbox 545 3832 1568 3913; baseline -0.001 -21"><span class='ocrx_word' id='word_1_186' title='bbox 545 3836 575 3894; x_wconf 87' lang='grc'>3.</span> <span class='ocrx_word' id='word_1_187' title='bbox 592 3832 657 3891; x_wconf 91' lang='lat' dir='ltr'>Odo</span> <span class='ocrx_word' id='word_1_188' title='bbox 669 3832 842 3913; x_wconf 81' lang='lat' dir='ltr'>deDiogilo,</span> <span class='ocrx_word' id='word_1_189' title='bbox 859 3832 968 3893; x_wconf 86' lang='lat' dir='ltr'>electus</span> <span class='ocrx_word' id='word_1_190' title='bbox 981 3838 1019 3893; x_wconf 77' lang='grc'>16</span> <span class='ocrx_word' id='word_1_191' title='bbox 1032 3832 1202 3912; x_wconf 83' lang='lat' dir='ltr'>septembris</span> <span class='ocrx_word' id='word_1_192' title='bbox 1214 3832 1345 3913; x_wconf 87' lang='lat' dir='ltr'>ejusdcm</span> <span class='ocrx_word' id='word_1_193' title='bbox 1359 3833 1438 3906; x_wconf 86' lang='lat' dir='ltr'>anni,</span> <span class='ocrx_word' id='word_1_194' title='bbox 1453 3845 1487 3892; x_wconf 93' lang='lat' dir='ltr'>ut</span> <span class='ocrx_word' id='word_1_195' title='bbox 1497 3852 1568 3892; x_wconf 87' lang='lat' dir='ltr'>con·</span> 
     </span>
     <span class='ocr_line' id='line_1_28' title="bbox 504 3923 1565 4005; baseline 0 -21"><span class='ocrx_word' id='word_1_196' title='bbox 504 3936 560 3985; x_wconf 87' lang='lat' dir='ltr'>stat</span> <span class='ocrx_word' id='word_1_197' title='bbox 573 3944 611 3985; x_wconf 82' lang='lat' dir='ltr'>ex</span> <span class='ocrx_word' id='word_1_198' title='bbox 622 3925 725 3986; x_wconf 84' lang='lat' dir='ltr'>litteris</span> <span class='ocrx_word' id='word_1_199' title='bbox 737 3925 882 4000; x_wconf 80' lang='lat' dir='ltr'>Balduini,</span> <span class='ocrx_word' id='word_1_200' title='bbox 897 3924 1128 3985; x_wconf 82' lang='lat' dir='ltr'>Noviodnnensis</span> <span class='ocrx_word' id='word_1_201' title='bbox 1138 3925 1277 4005; x_wconf 85' lang='lat' dir='ltr'>episcopi,</span> <span class='ocrx_word' id='word_1_202' title='bbox 1290 3924 1328 3985; x_wconf 85' lang='lat' dir='ltr'>ad</span> <span class='ocrx_word' id='word_1_203' title='bbox 1339 3923 1499 4004; x_wconf 78' lang='lat' dir='ltr'>Eugenium</span> <span class='ocrx_word' id='word_1_204' title='bbox 1508 3944 1565 4005; x_wconf 79' lang='lat' dir='ltr'>pa-</span> 
     </span>
     <span class='ocr_line' id='line_1_29' title="bbox 504 4016 1565 4102; baseline 0.001 -24"><span class='ocrx_word' id='word_1_205' title='bbox 504 4038 572 4098; x_wconf 85' lang='lat' dir='ltr'>pam</span> <span class='ocrx_word' id='word_1_206' title='bbox 589 4018 704 4098; x_wconf 81' lang='lat' dir='ltr'>(Rerum</span> <span class='ocrx_word' id='word_1_207' title='bbox 720 4024 817 4099; x_wconf 82' lang='lat' dir='ltr'>gallic.</span> <span class='ocrx_word' id='word_1_208' title='bbox 835 4027 946 4097; x_wconf 65' lang='lat' dir='ltr'>script„</span> <span class='ocrx_word' id='word_1_209' title='bbox 966 4023 1031 4102; x_wconf 84' lang='lat' dir='ltr'>XV,</span> <span class='ocrx_word' id='word_1_210' title='bbox 1046 4018 1127 4099; x_wconf 75' lang='lat' dir='ltr'>tte).</span> <span class='ocrx_word' id='word_1_211' title='bbox 1144 4019 1189 4081; x_wconf 81' lang='lat' dir='ltr'>Cf.</span> <span class='ocrx_word' id='word_1_212' title='bbox 1207 4021 1293 4079; x_wconf 86' lang='lat' dir='ltr'>ctiam</span> <span class='ocrx_word' id='word_1_213' title='bbox 1304 4018 1415 4079; x_wconf 72' lang='lat' dir='ltr'>litteras</span> <span class='ocrx_word' id='word_1_214' title='bbox 1433 4016 1565 4101; x_wconf 82' lang='lat' dir='ltr'>ejusdem</span> 
     </span>
     <span class='ocr_line' id='line_1_30' title="bbox 504 4110 1564 4191; baseline -0.001 -20"><span class='ocrx_word' id='word_1_215' title='bbox 504 4110 636 4171; x_wconf 80' lang='lat' dir='ltr'>Bnlduini</span> <span class='ocrx_word' id='word_1_216' title='bbox 659 4112 697 4171; x_wconf 90' lang='lat' dir='ltr'>ad</span> <span class='ocrx_word' id='word_1_217' title='bbox 721 4112 881 4191; x_wconf 83' lang='lat' dir='ltr'>sugerium,</span> <span class='ocrx_word' id='word_1_218' title='bbox 902 4111 1016 4173; x_wconf 86' lang='lat' dir='ltr'>abbatis</span> <span class='ocrx_word' id='word_1_219' title='bbox 1038 4110 1272 4172; x_wconf 89' lang='lat' dir='ltr'>benedictionem</span> <span class='ocrx_word' id='word_1_220' title='bbox 1292 4112 1514 4188; x_wconf 85' lang='lat' dir='ltr'>annuntiantes,</span> <span class='ocrx_word' id='word_1_221' title='bbox 1534 4110 1564 4171; x_wconf 88' lang='lat' dir='ltr'>in</span> 
     </span>
     <span class='ocr_line' id='line_1_31' title="bbox 505 4204 1564 4287; baseline 0 -22"><span class='ocrx_word' id='word_1_222' title='bbox 505 4224 629 4285; x_wconf 79' lang='lat' dir='ltr'>quanam</span> <span class='ocrx_word' id='word_1_223' title='bbox 649 4208 706 4267; x_wconf 87' lang='lat' dir='ltr'>fine</span> <span class='ocrx_word' id='word_1_224' title='bbox 727 4207 853 4266; x_wconf 86' lang='lat' dir='ltr'>notanda</span> <span class='ocrx_word' id='word_1_225' title='bbox 870 4206 930 4267; x_wconf 74' lang='lat' dir='ltr'>hec</span> <span class='ocrx_word' id='word_1_226' title='bbox 946 4206 1035 4267; x_wconf 84' lang='lat' dir='ltr'>verba</span> <span class='ocrx_word' id='word_1_227' title='bbox 1051 4228 1059 4266; x_wconf 71' lang='grc' dir='ltr'><strong><em>ε</em></strong></span> <span class='ocrx_word' id='word_1_228' title='bbox 1075 4232 1090 4261; x_wconf 73' lang='grc' dir='ltr'>ι</span> <span class='ocrx_word' id='word_1_229' title='bbox 1111 4204 1259 4285; x_wconf 88' lang='lat' dir='ltr'>Quidquid</span> <span class='ocrx_word' id='word_1_230' title='bbox 1279 4205 1356 4285; x_wconf 77' lang='lat' dir='ltr'>regis</span> <span class='ocrx_word' id='word_1_231' title='bbox 1371 4218 1457 4285; x_wconf 77' lang='lat' dir='ltr'>urget</span> <span class='ocrx_word' id='word_1_232' title='bbox 1471 4204 1564 4287; x_wconf 79' lang='lat' dir='ltr'>jussio</span> 
     </span>
     <span class='ocr_line' id='line_1_32' title="bbox 504 4299 1564 4381; baseline -0.002 -20"><span class='ocrx_word' id='word_1_233' title='bbox 504 4299 552 4361; x_wconf 80' lang='lat' dir='ltr'>vel</span> <span class='ocrx_word' id='word_1_234' title='bbox 564 4299 748 4361; x_wconf 86' lang='lat' dir='ltr'>comminatio</span> <span class='ocrx_word' id='word_1_235' title='bbox 765 4301 853 4380; x_wconf 72' lang='lat' dir='ltr'>longe</span> <span class='ocrx_word' id='word_1_236' title='bbox 874 4300 968 4361; x_wconf 86' lang='lat' dir='ltr'>minus</span> <span class='ocrx_word' id='word_1_237' title='bbox 987 4313 1031 4361; x_wconf 87' lang='lat' dir='ltr'>est</span> <span class='ocrx_word' id='word_1_238' title='bbox 1047 4303 1136 4381; x_wconf 69' lang='lat' dir='ltr'>quam</span> <span class='ocrx_word' id='word_1_239' title='bbox 1156 4300 1238 4380; x_wconf 90' lang='lat' dir='ltr'>quod</span> <span class='ocrx_word' id='word_1_240' title='bbox 1258 4300 1417 4381; x_wconf 76' lang='lat' dir='ltr'>apostolica</span> <span class='ocrx_word' id='word_1_241' title='bbox 1432 4299 1524 4361; x_wconf 81' lang='lat' dir='ltr'>sancit</span> <span class='ocrx_word' id='word_1_242' title='bbox 1534 4310 1564 4359; x_wconf 82' lang='lat' dir='ltr'>et</span> 
     </span>
     <span class='ocr_line' id='line_1_33' title="bbox 505 4392 1072 4475; baseline 0.002 -23"><span class='ocrx_word' id='word_1_243' title='bbox 505 4395 656 4455; x_wconf 78' lang='lat' dir='ltr'>coufirmat</span> <span class='ocrx_word' id='word_1_244' title='bbox 669 4392 825 4456; x_wconf 84' lang='lat' dir='ltr'>auctoritas</span> <span class='ocrx_word' id='word_1_245' title='bbox 844 4393 944 4475; x_wconf 82' lang='lat' dir='ltr'>(ibid,</span> <span class='ocrx_word' id='word_1_246' title='bbox 960 4398 1040 4470; x_wconf 72' lang='lat' dir='ltr'>tat).</span> <span class='ocrx_word' id='word_1_247' title='bbox 1058 4421 1072 4447; x_wconf 77' lang='grc' dir='ltr'><strong>ι</strong></span> 
     </span>
    </p>

    <p class='ocr_par' dir='ltr' id='par_1_7' title="bbox 544 4486 740 4551">
     <span class='ocr_line' id='line_1_34' title="bbox 544 4486 740 4551; baseline -0.02 0"><span class='ocrx_word' id='word_1_248' title='bbox 544 4489 575 4551; x_wconf 72' lang='lat'>4.</span> <span class='ocrx_word' id='word_1_249' title='bbox 587 4486 740 4548; x_wconf 85' lang='lat' dir='ltr'>Balduino.</span> 
     </span>
    </p>
   </div>
   <div class='ocr_carea' id='block_1_6' title="bbox 0 0 1876 5667">
    <p class='ocr_par' dir='ltr' id='par_1_8' title="bbox 0 0 1876 5667">
     <span class='ocr_line' id='line_1_35' title="bbox 0 0 1876 5667; baseline 0 0"><span class='ocrx_word' id='word_1_250' title='bbox 0 0 1876 5667; x_wconf 95' lang='lat' dir='ltr'> </span> 
     </span>
    </p>
   </div>
  </div>
 </body>
</html>
