3742 5667
509 755 567 814 aet
726 755 890 814 (auvam
909 739 1121 814 coronares
1140 757 1192 814 na
1212 757 1346 815 suom.

510 899 608 974 tum,
644 883 706 983 qui
737 883 927 981 objurgare
962 883 1093 958 liberos
1125 911 1388 984 nonnunquam
1418 884 1569 976 blande,

510 1024 606 1073 nunc
621 1024 709 1073 vero
724 1001 911 1073 minaciter
927 1001 1058 1094 solent,
1075 999 1272 1102 aliquando
1296 1003 1403 1076 etiam
1428 997 1570 1074 ammo-

511 1137 597 1189 nere
619 1114 842 1188 verberibus.
862 1115 1049 1188 Neminem
1078 1116 1128 1189 ob
1159 1117 1312 1215 primam
1332 1115 1571 1190 exhaeredavit

512 1232 701 1320 offensam,
721 1230 789 1303 nisi
805 1230 919 1304 multa
937 1247 974 1304 et
990 1256 1118 1328 magna
1133 1246 1294 1305 extarent
1310 1233 1476 1323 crimina,
1500 1231 1570 1304 nisi

380 1371 386 1384 ’
511 1348 594 1447 plus
609 1359 701 1418 esset
726 1345 825 1443 quod
842 1346 1003 1418 futurum
1024 1347 1172 1419 timebat
1190 1353 1299 1446 quam
1321 1345 1421 1445 quod
1442 1347 1571 1444 punie-

515 1459 599 1552 bat;
614 1485 682 1531 nec
693 1459 739 1532 ad
751 1459 922 1559 supplicia
939 1486 1099 1560 unquam
1116 1459 1286 1558 exigenda
1301 1461 1479 1560 pervenit,
1501 1461 1571 1532 nisi

513 1600 597 1647 cum
619 1573 778 1648 remedia
797 1578 1086 1675 consumpsisset.
1107 1581 1160 1649 lta
1173 1577 1228 1650 vir
1250 1576 1409 1675 prudens
1427 1578 1487 1672 jus
1503 1573 1571 1646 sibi

514 1715 725 1766 concessum
738 1689 879 1790 placide
894 1715 937 1764 ac
962 1692 1155 1765 salubriter
1170 1693 1399 1791 dispensavit,
1415 1708 1457 1765 ut
1477 1692 1570 1764 illius

511 1806 622 1880 hodie
648 1830 780 1879 nomen
799 1830 872 1878 non
892 1820 1030 1880 tantum
1046 1809 1083 1879 in
1101 1807 1237 1899 Galliis,
1261 1808 1323 1881 sed
1342 1823 1378 1881 et
1402 1809 1439 1879 in
1456 1808 1569 1904 genti-

513 1921 582 1994 bus
594 1920 796 1994 celebretur
808 1921 947 1993 exteris.

561 2037 650 2125 Quis
668 2036 766 2108 enim
788 2061 910 2132 regum
935 2036 1227 2131 christianorum,
1246 2037 1367 2112 audita
1389 2037 1483 2111 illius
1498 2062 1573 2110 ma-

514 2151 761 2250 gnanimitate,
779 2175 853 2223 non
869 2149 1067 2250 obstupuit,
1087 2178 1162 2225 non
1174 2153 1250 2252 ejus
1264 2154 1472 2253 concupivit
1496 2153 1570 2226 col·

514 2267 639 2366 loquio
653 2267 737 2359 frui,
754 2268 904 2341 consilio
921 2270 1045 2342 instrui
1056 2271 1071 2342 Ρ
1083 2274 1209 2344 Nonne
1217 2272 1302 2344 huic
1313 2272 1570 2348 famosissimus

515 2410 577 2456 rex
592 2382 717 2456 Siciliae
732 2387 888 2481 Rogerus
903 2385 1039 2458 litteras
1053 2387 1149 2459 misit
1167 2387 1345 2487 supplices
1357 2402 1393 2460 et
1406 2387 1570 2485 depreca-

515 2501 636 2592 torias,
654 2525 696 2572 ac
712 2524 858 2572 munera
876 2500 1064 2574 destinavit
1077 2502 1092 2572 i
1105 2506 1230 2576 Nonne
1242 2503 1387 2598 cognito
1396 2517 1481 2601 post
1497 2501 1570 2574 bac

513 2616 576 2714 pio
593 2616 668 2714 ejus
683 2616 933 2715 peregrinandi
947 2615 1138 2711 desiderio,
1154 2618 1430 2719 illi'praeparavit
1444 2643 1570 2691 occur-

516 2731 619 2803 rere?
641 2731 909 2804 Potentissimus
929 2756 1074 2832 quoque
1091 2759 1150 2806 rex
1171 2732 1367 2831 tngtorum
1394 2733 1570 2806 llenricus

514 2871 636 2919 nonne
654 2845 720 2917 viri
744 2845 844 2918 istius
863 2847 1018 2920 amicitia
1039 2847 1259 2945 gloriabatur
1278 2865 1313 2924 et
1333 2849 1570 2924 familiaritate

514 2959 716 3058 gaudebat?
741 2963 867 3034 Nonne
887 2960 985 3035 hunc
1005 2962 1101 3064 apud
1120 2969 1342 3039 Francorum
1362 2989 1483 3062 regem
1501 2969 1571 3038 Lu·

514 3075 684 3150 dovicum
705 3075 942 3150 mediatorem
966 3077 1089 3152 sibiet
1112 3081 1208 3180 pacis
1229 3078 1412 3154 vinculum
1436 3082 1570 3154 consti·

515 3193 656 3265 tuerat?
671 3191 726 3266 Ad
750 3217 860 3293 quem
875 3218 944 3292 pro
960 3195 1145 3294 utriusque
1169 3196 1268 3294 regni
1292 3221 1381 3296 pace
1406 3195 1571 3294 quotiens

515 3307 735 3397 accessisset,
766 3333 825 3380 rex
842 3307 894 3379 illi
915 3324 1043 3408 praeter
1067 3335 1207 3384 morem
1225 3335 1332 3384 suum
1355 3327 1454 3384 extra
1469 3309 1569 3411 pala·

507 3424 606 3497 'tium
620 3423 846 3515 occurrebat,
864 3438 972 3522 atque
988 3426 1025 3499 in
1041 3428 1117 3524 ejus
1132 3427 1350 3528 properabat
1363 3427 1567 3526 amplexusr

514 3541 648 3640 quippe
659 3541 759 3638 cujus
774 3540 996 3640 colloquium
1010 3540 1195 3640 quibusvis
1204 3541 1413 3642 preferebat
1425 3543 1567 3643 opibus.

514 3656 586 3730 Sed
604 3672 642 3730 et
654 3657 784 3748 David,
797 3656 980 3753 religiosus
993 3661 1182 3732 Scotorum
1196 3685 1270 3752 rex,
1285 3660 1407 3732 exenia
1421 3659 1473 3732 illi
1489 3683 1571 3732 cum

516 3769 675 3870 epistolis
700 3769 933 3845 familiaribus
955 3772 1097 3865 direxit,
1121 3775 1268 3847 marinae
1293 3773 1425 3847 scilicet
1446 3773 1571 3848 belluae

516 3885 643 3960 dentes
672 3887 772 3961 mirae
794 3889 1050 3984 magnitudinis
1069 3904 1104 3962 et
1122 3914 1197 3962 non
1216 3891 1317 3989 parvi
1335 3891 1454 3989 pretii.
1475 3889 1570 3980 Vidi,

517 4003 592 4074 Deo
612 4014 717 4091 teste,
741 3999 814 4072 vidi
837 4000 1029 4100 aliquando
1045 4001 1131 4073 huic
1149 4004 1186 4074 in
1198 4001 1328 4075 humili
1342 4000 1571 4102 subpedaneo

515 4114 685 4190 residenti
700 4119 919 4189 Francorum
931 4141 1051 4214 regem
1068 4132 1273 4191 reverenter
1290 4119 1464 4208 assistere,
1480 4118 1571 4216 opti·

516 4245 656 4303 matum
672 4230 928 4305 circumstante
945 4256 1093 4326 corona,
1111 4247 1147 4306 et
1167 4232 1266 4307 hunc
1284 4234 1385 4332 quasi
1401 4234 1572 4306 inferiori·

517 4344 587 4420 bus
601 4363 776 4446 precepta
792 4348 1000 4441 dictantem,
1017 4348 1096 4424 illos
1111 4375 1196 4424 vero
1212 4375 1296 4424 cum
1309 4351 1409 4426 omni
1424 4351 1571 4448 diligen-

515 4461 564 4534 tia
580 4477 615 4535 et
631 4463 827 4538 intentione
842 4466 888 4539 ad
904 4491 945 4538 ea
958 4491 1036 4564 que
1047 4466 1259 4542 dicebantur
1272 4492 1473 4567 suspensos.
1491 4472 1570 4558 Quo
