3742 5667
750 800 923 863 Lamnas,
1303 806 1362 865 273

309 958 421 1006 canus
437 933 647 1033 specialiter,
673 946 773 1004 tanto
795 931 967 1005 audacior
986 945 1124 1030 quanto
1144 958 1187 1006 ex
1209 935 1286 1033 ipsa
1305 940 1361 1007 sul

306 1048 454 1121 infamia
476 1048 596 1141 vilior,
621 1063 656 1120 et
679 1046 828 1145 quidam
852 1047 944 1120 alius
975 1045 1141 1121 Giraldus
1165 1048 1210 1121 dc
1240 1055 1362 1144 Portu,

305 1163 405 1236 haud
429 1163 493 1236 illo
504 1164 669 1236 miserior
689 1163 816 1237 foetore
836 1163 1001 1254 infamia,
1023 1164 1098 1235 sive
1118 1165 1362 1260 miserrimus,

305 1281 439 1377 aliique
454 1280 574 1379 plures
589 1280 784 1353 domestica
801 1279 894 1351 mala
909 1293 946 1352 et
958 1279 1011 1351 rei
1027 1278 1210 1352 familiaris
1224 1282 1364 1380 spurci·

305 1396 395 1466 tiam
413 1395 651 1494 deplorantes.
671 1395 789 1467 Prima
805 1393 954 1492 quidem
973 1393 1032 1467 die
1052 1396 1169 1468 vocati
1192 1395 1239 1468 ad
1261 1394 1365 1469 audi-

305 1512 446 1584 tionem
463 1510 620 1584 mandati
639 1511 758 1602 vestri,
775 1511 842 1609 ipsi
858 1510 1021 1582 canonici
1035 1512 1158 1582 venire
1176 1527 1362 1612 contemp-

307 1645 446 1702 serunt.
472 1633 565 1703 Cum
586 1643 705 1700 autem
731 1652 768 1699 se
793 1652 853 1699 eos
877 1626 1066 1699 absentare
1088 1642 1125 1699 et
1143 1644 1364 1726 praeceptum

306 1760 469 1816 vestrum
497 1744 595 1816 nolle
623 1743 745 1815 audire
772 1744 957 1815 manifeste
980 1742 1198 1835 videremus,
1229 1744 1366 1817 clericis

307 1859 386 1931 aliis
395 1874 433 1932 et
443 1859 579 1957 populo
596 1858 718 1931 multis
730 1858 886 1930 millibus
902 1873 1130 1955 congregato,
1154 1858 1366 1931 mandatum

306 1988 468 2045 vestrum
495 1974 541 2045 de
572 1972 758 2045 statuenda
787 1973 960 2068 religione
988 1972 1025 2043 in
1058 1971 1184 2046 eadem
1216 1973 1365 2046 ecclesia

307 2114 431 2161 coram
453 2090 584 2187 exponi
607 2089 758 2162 fecimus
768 2146 781 2181 ‚
805 2088 1004 2160 monachos
1030 2086 1164 2161 ibidem
1194 2090 1364 2188 deinceps

307 2203 375 2275 sub
389 2204 562 2301 religione
584 2201 823 2275 deservimros
841 2203 1129 2299 significavimus.
1150 2204 1365 2277 Praebendas

306 2321 565 2393 canonicorum
591 2344 652 2391 eos
678 2320 716 2391 in
743 2343 830 2417 pace
856 2318 1038 2418 possidere
1066 2321 1105 2391 in
1135 2319 1364 2419 beneplacito

307 2452 438 2528 vestro,
454 2435 570 2508 donec
582 2434 686 2507 vobis
699 2434 883 2533 quidinde
902 2434 1003 2507 fieret
1014 2434 1180 2506 ordinare
1193 2434 1361 2532 placeret,

307 2553 491 2624 assistente
519 2551 668 2625 domino
687 2575 782 2647 rege,
801 2551 1043 2649 promisimus.
1066 2551 1138 2649 Ipsi
1156 2573 1240 2621 vero
1256 2574 1366 2621 cano·

309 2667 393 2759 nici,
420 2692 510 2739 ausu
532 2664 703 2761 sacrilego
724 2666 902 2739 irruentes
926 2666 964 2737 in
985 2664 1136 2737 eandem
1155 2664 1364 2757 ecclesiam,

308 2785 542 2856 sanctissimas
557 2783 724 2881 reliquias
740 2784 868 2881 spineae
878 2807 1019 2856 coronae
1032 2782 1179 2854 Domini
1192 2798 1228 2853 et
1239 2796 1366 2855 sancta

307 2897 480 2992 sindonis,
495 2914 532 2972 et
561 2899 746 2971 thesauros
773 2897 934 2996 ejusdem
964 2898 1133 2987 ecclesia,
1163 2897 1309 2995 insuper
1329 2910 1367 2968 et

310 3013 421 3086 libros
446 3039 487 3087 ac
512 3013 744 3087 sacerdotalia
767 3012 1000 3104 indumenta,
1026 3037 1072 3085 ne
1091 3011 1266 3083 haberent
1289 3035 1368 3083 mo

309 3130 413 3202 uachi
429 3128 528 3203 unde
541 3136 617 3203 Deo
630 3130 815 3221 servirent,
828 3130 1056 3227 arripuerunt
1070 3155 1079 3199 ε
1091 3127 1197 3200 nobis
1211 3150 1255 3197 ex
1266 3140 1367 3224 parte

308 3258 424 3317 vestra
443 3244 717 3319 reclamantibus
738 3259 887 3342 propter
906 3268 1032 3315 eorum
1054 3241 1363 3331 inobedientiam,

311 3359 413 3432 altius
440 3362 545 3434 solito
570 3375 821 3447 cantavenmt,
844 3359 962 3431 donec
984 3373 1020 3431 et
1043 3356 1214 3430 dominus
1242 3382 1304 3429 rex
1331 3371 1368 3430 ct

312 3477 513 3574 omnesqui
528 3476 690 3567 aderaut,
710 3490 784 3550 tam
800 3474 921 3548 clerici
931 3498 1040 3572 quam
1055 3472 1149 3563 laici,
1167 3498 1294 3545 eorum
1306 3470 1367 3543 ad·

313 3592 429 3663 mirati
452 3594 637 3685 insaniam,
662 3604 919 3691 represserunt.
945 3593 1040 3662 Cum
1062 3603 1185 3662 autem
1204 3587 1367 3687 sequenti

313 3706 367 3780 die
378 3708 540 3783 mandati
555 3709 663 3782 vestri
678 3706 937 3807 plenitudinem
959 3704 1155 3794 audissent,
1179 3704 1216 3775 in
1236 3703 1367 3800 iniqui-

311 3837 380 3895 tate
392 3848 455 3896 sua
470 3838 507 3896 et
520 3823 770 3897 inobedientia
785 3822 934 3895 audacia
947 3821 1250 3920 permanserunt¹.

352 4081 381 4141 l.
396 4080 440 4139 Ex
454 4078 573 4153 chesn„
587 4080 637 4153 IV,
653 4079 721 4139 5¹15.
737 4109 778 4123 -
788 4076 856 4136 tter.
869 4078 968 4153 gallic.
980 4079 1123 4151 scriptor„
1141 4075 1205 4149 XV,
1219 4074 1288 4134 tat.
