3742 5667
485 783 545 841 no
705 777 869 838 muvnns
889 760 1103 839 cournnrrs
1123 781 1173 837 nn
1194 779 1328 841 suern.

486 915 665 1004 tituimus;
681 912 916 1011 incomposita
929 927 1030 986 terrae
1046 913 1449 1013 composuimus‚usque
1457 914 1558 987 adeo

487 1054 567 1105 eam
582 1028 819 1121 meliorando,
836 1044 876 1102 ut
891 1055 975 1101 cum
986 1031 1045 1103 vix
1060 1032 1287 1103 consueverit
1298 1030 1422 1127 viginti
1438 1030 1555 1104 libras

487 1147 632 1243 singulis
653 1146 775 1236 anuis,
803 1161 928 1244 postea
953 1145 1072 1219 nobis¹
1099 1161 1245 1218 centum
1268 1145 1394 1238 libras,
1424 1148 1556 1246 saepius

486 1287 574 1335 vero
598 1276 744 1334 centum
770 1275 807 1334 et
837 1262 961 1357 viginti
988 1260 1146 1335 reddidit
1156 1264 1179 1334 ¹.
1208 1264 1280 1334 Nos
1302 1286 1402 1353 vero,
1421 1264 1555 1335 sanctis

486 1376 700 1478 Martyribus
712 1403 779 1479 pro
795 1379 903 1451 tantis
916 1377 1101 1451 beneficiis
1110 1379 1191 1475 jure
1205 1378 1340 1470 devoti,
1359 1377 1406 1452 de
1422 1380 1553 1453 eodem

486 1497 606 1569 fructu
622 1494 755 1567 laboris
774 1494 888 1567 nostri
907 1493 1132 1568 aedificationi
1150 1495 1306 1569 ecclesias
1329 1519 1457 1567 eorum
1477 1497 1551 1568 sin-

489 1613 580 1710 gulis
591 1611 693 1683 annis
706 1625 833 1708 quater
842 1610 967 1707 viginti
982 1609 1105 1701 libras,
1121 1611 1290 1709 usquead
1302 1612 1419 1711 operis
1432 1612 1551 1711 exple·

487 1729 647 1817 tionem,
682 1741 780 1798 carta
809 1741 845 1799 et
875 1726 993 1825 sigillo
1020 1728 1288 1822 assignavimus.
1320 1730 1553 1802 Removimus

487 1843 597 1915 etiam
607 1841 653 1913 ab
665 1840 790 1913 eadem
804 1856 897 1914 terra
912 1842 1095 1940 quandam
1109 1842 1405 1917 consuetudinem
1422 1843 1553 1916 malam

488 1959 566 2031 vice
583 1958 724 2032 comitis
739 1959 972 2058 Stampensis,
987 1984 1067 2057 quae
1079 1957 1258 2059 palagium
1274 1976 1435 2034 vocatur.

813 2249 892 2319 ΧΠ.
922 2250 976 2317 De
1003 2250 1177 2319 Tauriaco
1191 2250 1214 2318 ⁸.

532 2450 722 2524 Tauriscus
739 2450 861 2546 igitur,
880 2450 1016 2524 famosa
1031 2450 1128 2523 beati
1144 2452 1307 2548 Dionysii
1330 2452 1426 2545 villa,
1446 2468 1555 2553 caput

487 2567 636 2667 quidem
649 2566 814 2657 aliarum,
843 2583 879 2639 et
903 2569 1050 2666 propria
1073 2592 1115 2639 ac
1138 2568 1300 2667 specialis
1322 2569 1423 2642 sedes
1452 2568 1550 2643 beati

487 2685 662 2782 Dionysii,
679 2684 874 2781 peregrinis
890 2698 926 2755 et
945 2683 1218 2774 mercatoribus,
1239 2709 1300 2757 seu
1322 2684 1555 2783 quibuscum·

489 2824 561 2897 que
580 2798 778 2871 viatoribus
797 2798 968 2871 alimenta
989 2799 1208 2872 cibariorum
1229 2801 1266 2871 in
1287 2800 1407 2873 media
1426 2816 1550 2894 strata,

487 2915 585 2989 lassis
599 2916 707 2987 etiam
717 2914 877 3014 quietem
891 2915 1011 3013 quiete
1029 2916 1247 3011 ministrans,
1266 2916 1553 2990 intolerabilibus

489 3032 723 3105 dominorum
739 3030 877 3129 praefati
894 3031 1000 3103 castri
1016 3030 1156 3105 Puteoli
1168 3032 1322 3130 angariis
1339 3032 1552 3131 usqueadeo

489 3147 738 3220 miserabiliter
760 3146 1004 3245 premebatur,
1025 3162 1078 3237 ut,
1106 3172 1191 3220 cum
1218 3148 1302 3220 illuc
1328 3149 1553 3248 temporibus

489 3264 722 3336 antecessoris
745 3263 860 3334 no'stri
892 3260 999 3335 bonae
1023 3264 1207 3337 memoria·
1231 3262 1318 3337 Adae
1342 3262 1494 3357 abbatis,
1513 3280 1554 3337 ut

488 3380 699 3479 praepositus
714 3392 818 3449 terrae
839 3377 1083 3476 providerem,
1104 3379 1188 3451 satis
1208 3378 1328 3452 adhuc
1337 3380 1478 3477 juvenis
1490 3406 1548 3454 ac-

488 3494 684 3588 cessissem,
702 3494 779 3591 jam
796 3493 936 3567 colonis
948 3517 1038 3591 pene
1052 3492 1220 3566 destituta
1233 3493 1433 3592 langueret,
1450 3520 1553 3596 rapa·
1720 3590 1721 3595 ἵ

489 3608 588 3684 citati
604 3608 884 3703 Puteolensium‚
896 3608 979 3682 data
990 3635 1070 3682 esca
1080 3610 1226 3711 populis
1234 3611 1466 3711 AEthiopum‘,
1478 3637 1555 3684 om·
1631 3674 1634 3679 .
1720 3684 1721 3691 ,

488 3727 575 3800 nino
603 3740 753 3824 pateret.
790 3729 862 3798 Nec
889 3727 988 3797 enim
1016 3726 1092 3825 ipsa
1119 3728 1252 3800 domus
1279 3728 1425 3827 propria
1456 3727 1552 3799 beati
1720 3742 1721 3751 ’

488 3842 650 3939 Dionysii
670 3842 823 3941 seipsam
842 3840 1037 3940 aliquando
1057 3842 1249 3935 tuebatur;
1275 3845 1361 3942 quin
1386 3845 1463 3942 ipse
1486 3842 1553 3916 do-

489 3958 608 4029 minus
623 3981 690 4055 per
705 3958 874 4029 satellites
900 3982 985 4030 snos
1006 3984 1087 4031 eam
1109 3959 1301 4056 frangeret,
1322 3983 1555 4059 quaecumque

531 4250 560 4305 l.
578 4242 667 4303 Nobis
680 4242 818 4302 omissum
829 4241 861 4301 in
872 4240 944 4303 edit.
956 4242 1062 4305 Chesn.

530 4340 562 4397 2.
577 4337 746 4394 Reddideru
757 4334 804 4395 ed.
819 4335 925 4399 chesn.

531 4433 560 4493 3.
581 4428 678 4511 Vulgo
691 4427 1019 4510 Toury(Eure-et·Lor'r)

528 4528 563 4585 lt.
585 4522 692 4585 Psalm.
709 4526 880 4596 nxx1u‚lli.
