3742 5667
483 778 554 835 sult
575 776 645 837 SON
665 776 984 836 aottllttstltattolt
1004 780 1224 841 masma.
1325 785 1382 841 tat

315 921 355 981 et
383 910 521 983 Sanotae
546 908 688 1009 Sophite
715 924 939 998 ornamenta,
971 925 1094 983 utrum
1122 911 1170 983 ad
1195 937 1382 1013 compara-

316 1023 457 1097 tionem
473 1024 618 1099 illorum
633 1026 708 1098 haec
725 1025 860 1123 aliquid
878 1026 997 1099 valere
1013 1024 1200 1099 deberent.
1215 1031 1382 1118 Quicum

315 1139 394 1214 haec
409 1140 546 1239 majora
561 1141 771 1233 faterentur,
790 1144 908 1215 visum
930 1157 983 1215 est
1004 1141 1111 1215 nobis
1132 1142 1233 1241 quod
1254 1146 1381 1219 timore

314 1260 540 1329 Francorum
559 1256 784 1330 ammiranda
808 1282 887 1354 quae
904 1272 1010 1332 antea
1028 1255 1258 1331 audieramus
1276 1276 1380 1334 caute

314 1373 474 1471 reposita
499 1389 634 1464 essent,
661 1397 708 1445 ne
727 1371 922 1446 stultorum
952 1373 1158 1472 aliquorum
1179 1374 1382 1474 impetuosa

313 1489 522 1588 rapacitate,
540 1493 752 1563 Graecorum
768 1504 805 1561 et
815 1490 1026 1562 Latinorum
1043 1491 1153 1564 ascita
1163 1490 1382 1566 familiaritas

311 1604 350 1675 in
370 1602 585 1678 seditionem
599 1619 635 1677 et
646 1604 827 1677 bellorum
844 1603 1011 1679 scandala
1026 1606 1146 1679 subito
1158 1623 1378 1685 moveretur.

311 1722 454 1793 Astucia
470 1721 568 1793 enim
584 1720 761 1820 precipue
777 1723 985 1793 Graecorum
1009 1736 1074 1795 est.
1093 1722 1196 1795 Unde
1211 1722 1289 1795 fieri
1311 1749 1380 1823 po·

311 1837 382 1909 tuit
398 1852 440 1909 ut
455 1838 590 1937 majora
604 1838 676 1910 siut
692 1860 771 1935 quae
779 1836 839 1909 hic
855 1835 923 1910 sub
936 1851 1016 1910 tuto
1024 1839 1178 1937 reposita
1190 1855 1375 1939 apparent,

310 1976 423 2051 quam
439 1978 482 2026 ea
506 1978 584 2053 quae
605 1978 680 2027 non
703 1967 783 2026 tuto
808 1968 956 2054 propter
974 1954 1141 2028 scaudala
1162 1954 1301 2030 ibidem
1318 1980 1375 2029 re-

310 2069 395 2143 licta
412 2084 670 2170 apparuerunt.
686 2068 918 2143 Ammiranda
937 2069 1119 2168 siquidem
1132 2070 1252 2144 etfere
1268 2072 1379 2143 incre·

311 2182 435 2257 dibilia
451 2209 473 2259 a
487 2188 574 2257 viris
588 2183 753 2258 veridicis
773 2183 1064 2284 quampluribus,
1087 2200 1125 2258 et
1140 2185 1188 2259 ab
1207 2188 1377 2286 episcopo

311 2300 542 2374 Laudunensi
562 2305 724 2396 Hugone,
748 2302 784 2372 in
804 2299 1047 2373 celebratione
1062 2304 1190 2392 missae,
1209 2302 1255 2375 de
1270 2305 1379 2375 Sanc·

308 2432 353 2489 tae
376 2415 521 2516 Sophiae
547 2430 845 2489 ornamentorum
877 2419 1133 2515 prerogativa,
1165 2442 1307 2492 necnon
1340 2432 1377 2490 et

309 2532 464 2605 aliarum
479 2531 706 2605 ecclesiarum
722 2530 963 2605 audieramus.
982 2537 1068 2621 Quae
1082 2534 1111 2605 si
1127 2533 1178 2607 ita
1187 2546 1284 2623 sunt,
1301 2533 1376 2605 imo

310 2649 396 2747 quia
411 2674 539 2722 eorum
554 2649 760 2721 testimonio
776 2649 824 2720 ita
844 2672 921 2721 esse
935 2645 1130 2742 credimus,
1155 2665 1230 2722 tam
1246 2648 1376 2722 inesti-

309 2763 457 2838 mabilia
478 2788 585 2863 quam
616 2761 910 2862 incomparabilia
929 2763 1131 2865 multorum
1157 2763 1295 2861 judicio
1321 2788 1377 2838 ex-

305 2896 540 2981 ponerentur.
562 2879 732 2953 Abundet
746 2881 993 2978 unusquisque
1009 2880 1047 2951 in
1064 2905 1131 2954 suo
1147 2904 1266 2972 sensu,
1285 2880 1376 2953 mihi

307 2997 422 3070 fateor
435 2997 508 3069 hoc
532 2996 760 3096 potissimum
786 2996 974 3094 placuisse,
995 3010 1035 3068 ut
1051 3020 1287 3095 quaecumque
1311 3019 1372 3069 ca·

308 3114 416 3204 riora,
440 3136 677 3211 quaecumque
693 3112 887 3198 carissima,
910 3127 1122 3185 sacrosante
1147 3110 1375 3184 Eucharistiae

308 3227 619 3301 amministrationi
648 3252 755 3328 super
783 3228 905 3301 omnia
930 3226 1109 3301 deservire
1138 3225 1304 3300 debeant.
1337 3227 1374 3299 Si

309 3344 477 3417 libatoria
491 3368 611 3435 aurea,
631 3344 660 3417 si
684 3343 773 3418 fialae
782 3368 913 3431 aureae,
924 3360 961 3419 et
987 3344 1016 3417 si
1037 3343 1247 3417 mortariola
1266 3366 1374 3416 aurea

310 3460 356 3534 ad
382 3458 570 3535 collectam
600 3461 779 3559 sanguinis
800 3459 986 3535 hircorum
1011 3476 1074 3533 aut
1092 3459 1290 3534 vitulorum
1311 3475 1374 3532 aut

304 3601 422 3651 vaccae
431 3575 547 3669 ruffae,
559 3600 623 3650 ore
636 3578 700 3650 Dei
712 3592 775 3651 aut
785 3576 971 3677 prophete
978 3575 1369 3675 jussu,deserviebaut;

303 3707 444 3791 quanto
463 3693 575 3788 magis
596 3693 642 3766 ad
664 3694 929 3792 susceptionem
947 3693 1129 3790 sanguinis
1141 3697 1222 3764 lesu
1240 3690 1371 3765 Christi

302 3833 388 3881 vasa
404 3808 671 3907 aurea‚lapides
688 3809 855 3907 preciosi,
866 3833 1018 3908 quaeque
1033 3809 1128 3881 inter
1141 3831 1372 3879 omnescrea·

301 3940 403 3997 turas
423 3925 616 4017 carissima,
644 3925 816 3997 continuo
836 3923 1022 4014 famulatu,
1045 3922 1151 4021 plena
1177 3921 1369 3996 devotione

301 4040 436 4137 exponi
452 4038 598 4112 debent.
614 4043 717 4112 Certe
732 4063 799 4111 nec
815 4064 881 4111 nos
899 4063 966 4111 nec
982 4053 1107 4110 nostra
1121 4037 1178 4111 his
1194 4036 1370 4110 deservire

302 4154 517 4227 sufficimus.
542 4156 578 4227 Si
599 4154 644 4227 de
665 4168 872 4227 sanctorum
895 4152 1091 4226 Cherubim
1116 4167 1153 4225 et
1181 4152 1369 4251 Seraphim

303 4268 502 4343 substantia
528 4295 623 4346 nova
645 4272 825 4345 creatione
844 4285 969 4343 nostra
993 4284 1205 4361 mutaretur,
1231 4268 1368 4342 insuffi-

304 4386 459 4457 cientem
482 4402 602 4459 tamen
629 4404 664 4459 et
688 4385 876 4483 indignum
898 4402 1005 4459 tantae
1032 4401 1167 4459 ettam
1196 4383 1368 4457 ineffabili

304 4500 430 4575 hostiae
455 4500 638 4576 exhiberet
661 4501 885 4575 famulatum.
913 4506 1064 4575 Tantam
1094 4516 1214 4574 tamen
1243 4500 1366 4598 propi-
