3742 5667
610 754 673 812 vln
695 754 745 809 DE
764 752 876 813 Louls
896 753 944 812 LE
964 753 1073 815 GROS.
1331 756 1370 814 95

308 916 327 953 ι
350 902 427 979 ttta,
442 884 593 960 domine
610 886 662 957 mi
676 909 752 979 rex,
780 886 819 958 in
833 886 906 959 hoc
922 886 1095 959 scelerato
1119 900 1237 960 castro
1258 886 1371 961 scele-

308 1032 327 1069 ι
344 1003 544 1078 ratissimos
563 1000 644 1074 illos
664 1000 860 1095 demorari,
883 1004 947 1099 qui
966 1000 1045 1074 solo
1064 1000 1264 1076 inferorum
1288 1005 1370 1078 loco

307 1148 326 1184 α
344 1118 448 1214 digni
463 1133 585 1211 erant,
603 1117 668 1210 illi,
686 1118 849 1215 inquam,
865 1118 928 1216 qui
940 1118 1126 1191 occasione
1138 1118 1239 1216 jussu
1254 1135 1371 1193 vestro

307 1264 326 1304 ι
342 1234 719 1325 amissaeoommuuiae,
730 1258 806 1305 non
818 1234 937 1307 solum
956 1234 1138 1307 civitatem
1153 1232 1371 1307 Laudunen-

305 1382 324 1418 ι
346 1376 441 1443 sem,
458 1351 522 1425 sed
538 1366 573 1423 et
580 1348 740 1423 nobilem
751 1350 875 1423 matris
888 1350 1037 1423 Domini
1054 1376 1139 1424 cum
1156 1350 1277 1425 multis
1294 1352 1372 1424 aliis

306 1498 325 1536 ι
345 1466 536 1541 ecclesiam
556 1467 636 1565 igne
651 1466 929 1558 succenderimt,
946 1465 1086 1541 nobiles
1113 1468 1282 1541 civitatis¹
1295 1466 1370 1541 fere

305 1612 324 1649 ι
342 1608 489 1675 omnes,
499 1608 544 1657 eo
555 1583 655 1682 quod
667 1606 749 1657 vera
763 1582 1033 1679 lidesullragari
1043 1583 1194 1657 domino
1208 1586 1373 1658 suoinni-

305 1730 324 1767 ι
341 1698 516 1773 tebantur
540 1700 732 1800 episcopo,
764 1715 838 1773 tam
857 1724 966 1773 causa
983 1724 1092 1798 quam
1112 1723 1220 1799 poena
1242 1716 1373 1797 marty·

305 1848 324 1885 ι
344 1815 1119 1915 risavemnt,ipsumepiscopumGeldricum
1130 1813 1371 1889 venerabilem

305 1960 324 1998 ι
343 1930 503 2005 ecclesias
529 1931 769 2024 defensorem,
792 1956 866 2005 non
889 1930 994 2004 veriti
1014 1954 1161 2003 manum
1178 1932 1319 2005 mittere
1332 1933 1369 2006 in
1396 1910 1403 1923 ’

305 2048 528 2121 «Christum
546 2047 708 2137 Domini,
728 2046 973 2119 crudelissime
998 2046 1270 2140 interfecerunt,
1293 2047 1373 2120 bes-

305 2190 323 2231 «
340 2160 403 2233 tiis
416 2159 561 2233 nudum
574 2176 611 2233 et
623 2160 750 2233 avibus
765 2161 803 2232 in
818 2160 935 2259 platea
950 2176 1203 2260 exposuerunt,
1219 2160 1377 2258 digitum

306 2300 430 2349 «curn
453 2274 590 2348 annulo
619 2274 819 2374 pontificali
843 2289 1115 2368 truncaverunt,
1143 2292 1275 2351 etcum
1292 2280 1371 2377 ipso

305 2424 323 2459 ι
341 2416 412 2465 suo
434 2391 657 2491 nequissimo
675 2414 884 2488 persuasore
905 2390 1044 2463 Thema
1070 2391 1198 2465 turrim
1215 2406 1370 2467 vestram

305 2508 394 2581 «ad
428 2512 541 2581 vestri
578 2504 900 2580 exhaeredationem
934 2531 1112 2605 occupare
1145 2524 1372 2582 concertave-

306 2640 445 2697 «runt.
459 2654 479 2691 n
506 2623 704 2723 Dupliciter
731 2646 815 2718 ergo
841 2646 903 2695 rex
937 2623 1128 2717 animatus,
1161 2624 1370 2698 sceleratum

302 2741 513 2837 aggreditur
537 2754 708 2830 castrum,
732 2738 923 2837 disrumpit
951 2739 1063 2811 instar
1078 2739 1279 2813 inferorum
1297 2765 1371 2838 pos-

303 2856 399 2929 ualia
416 2873 452 2930 et
470 2857 639 2951 sacrilega
655 2854 748 2946 loca,
766 2856 976 2927 innocentes
990 2853 1173 2927 dimittens
1195 2869 1232 2928 et
1245 2857 1370 2929 noxios

304 2974 514 3069 gravissime
529 2970 1004 3073 puniensUnusmultorum
1016 2971 1162 3068 injurias
1171 2972 1367 3061 ulciscitur,

303 3114 556 3187 quoscumque
582 3087 847 3160 homicidarum
872 3088 1175 3185 nequissimorum
1201 3087 1366 3175 offendit,

301 3206 450 3304 justitiae
480 3202 716 3295 sitibundus,
745 3202 969 3294 milvorum,
1008 3224 1202 3275 corvorum
1228 3219 1264 3276 et
1294 3204 1371 3278 vul·
1484 3190 1488 3199 ⁸

305 3336 428 3394 turum
450 3320 636 3420 rapacitati
662 3333 805 3417 pastum
828 3317 1030 3414 generalem
1043 3317 1372 3418 exhibens,etpati-

303 3435 498 3535 buloaffigi
512 3436 733 3536 praecipiens,
744 3434 834 3532 quid
845 3449 1054 3507 mereantur
1064 3438 1126 3533 qui
1136 3437 1173 3507 in
1188 3434 1370 3509 Christum

305 3554 457 3627 Domini
478 3577 627 3627 manum
654 3552 796 3625 mittere
814 3576 890 3623 non
913 3566 1082 3624 verentur
1099 3550 1257 3626 edocuit.
1276 3552 1369 3625 Sub-

305 3671 418 3745 versis
433 3670 544 3767 igitur
559 3668 767 3743 adulterinis
786 3667 951 3761 castellis,
969 3666 1113 3740 easdem
1130 3668 1230 3740 villas
1247 3683 1369 3742 sancto

303 3786 462 3860 iohanni
477 3786 678 3877 restituens,
696 3784 877 3858 civitatem
892 3782 1166 3861 Ambianensem
1175 3810 1366 3883 regressus,

304 3905 434 4001 turrim
450 3900 611 4002 ejusdem
635 3900 788 3973 civitatis
817 3899 900 3973 Adae
923 3899 1110 3998 cujusdam
1133 3902 1288 4001 tyranni,
1309 3928 1368 3976 ec-

305 4016 430 4093 clesias
464 4034 502 4092 et
529 4031 643 4092 totam
670 4017 838 4091 viciniam
873 4015 1129 4115 dilapidantem
1137 4021 1161 4110 ¹,
1195 4016 1366 4091 obsedit:

348 4204 376 4259 t.
393 4200 529 4259 civitates
542 4200 612 4271 135,
629 4198 721 4269 5925,
734 4207 763 4255 et
776 4194 846 4255 edd.
860 4196 962 4257 Germ.
978 4208 1006 4255 et
1019 4195 1126 4256 Chesn.

345 4294 377 4351 2.
391 4292 440 4351 Sic
452 4290 541 4351 codd.
555 4308 655 4349 omnes
668 4300 697 4349 et
708 4289 779 4350 edd.
793 4320 833 4335 -
849 4292 1013 4349 timim...
1036 4292 1244 4368 dilapidantem
1268 4292 1369 4353 scribit

304 4405 358 4465 per
368 4384 572 4464 metonymiam
583 4381 730 4463 sugerius.
747 4384 945 4460 Dilapidautts
957 4380 1110 4460 legendum
1128 4383 1293 4448 existimant
1309 4391 1367 4447 lie·

304 4479 456 4543 nedictini.
