<?xml version="1.0" encoding="UTF-8"?>
<!DOCTYPE html PUBLIC "-//W3C//DTD XHTML 1.0 Transitional//EN"
    "http://www.w3.org/TR/xhtml1/DTD/xhtml1-transitional.dtd">
<html xmlns="http://www.w3.org/1999/xhtml" xml:lang="en" lang="en">
 <head>
  <title>
</title>
<meta http-equiv="Content-Type" content="text/html;charset=utf-8" />
  <meta name='ocr-system' content='tesseract 3.04.00' />
  <meta name='ocr-capabilities' content='ocr_page ocr_carea ocr_par ocr_line ocrx_word'/>
</head>
<body>
  <div class='ocr_page' id='page_1' title='image "./oeuvrescompltes00sugegoog_0098.png"; bbox 0 0 3742 5667; ppageno 0'>
   <div class='ocr_carea' id='block_1_1' title="bbox 393 796 1252 880">
    <p class='ocr_par' dir='ltr' id='par_1_1' title="bbox 393 796 1252 880">
     <span class='ocr_line' id='line_1_1' title="bbox 393 796 1252 880; baseline -0.002 -2"><span class='ocrx_word' id='word_1_1' title='bbox 393 821 431 880; x_wconf 76' lang='lat' dir='ltr'>ss</span> <span class='ocrx_word' id='word_1_2' title='bbox 620 815 782 876; x_wconf 78' lang='lat' dir='ltr'>&lt;novans</span> <span class='ocrx_word' id='word_1_3' title='bbox 802 796 1024 875; x_wconf 68' lang='lat' dir='ltr'>contrarias</span> <span class='ocrx_word' id='word_1_4' title='bbox 1045 817 1098 874; x_wconf 83' lang='lat' dir='ltr'>na</span> <span class='ocrx_word' id='word_1_5' title='bbox 1118 817 1252 878; x_wconf 74' lang='lat' dir='ltr'>sunna</span> 
     </span>
    </p>
   </div>
   <div class='ocr_carea' id='block_1_2' title="bbox 391 943 1565 1753">
    <p class='ocr_par' dir='ltr' id='par_1_2' title="bbox 391 943 1459 1518">
     <span class='ocr_line' id='line_1_2' title="bbox 391 943 1457 1051; baseline 0.002 -27"><span class='ocrx_word' id='word_1_6' title='bbox 391 950 549 1024; x_wconf 79' lang='lat' dir='ltr'>fluminis</span> <span class='ocrx_word' id='word_1_7' title='bbox 566 955 738 1050; x_wconf 90' lang='lat' dir='ltr'>Sequanae</span> <span class='ocrx_word' id='word_1_8' title='bbox 748 943 944 1022; x_wconf 89' lang='lat' dir='ltr'>borridum</span> <span class='ocrx_word' id='word_1_9' title='bbox 959 965 995 1023; x_wconf 91' lang='lat' dir='ltr'>et</span> <span class='ocrx_word' id='word_1_10' title='bbox 1006 948 1164 1046; x_wconf 85' lang='lat' dir='ltr'>ignobile</span> <span class='ocrx_word' id='word_1_11' title='bbox 1175 965 1345 1047; x_wconf 82' lang='lat' dir='ltr'><strong>castrum,</strong></span> <span class='ocrx_word' id='word_1_12' title='bbox 1357 953 1457 1051; x_wconf 93' lang='lat' dir='ltr'>quod</span> 
     </span>
     <span class='ocr_line' id='line_1_3' title="bbox 392 1065 1455 1168; baseline 0.001 -27"><span class='ocrx_word' id='word_1_13' title='bbox 392 1068 523 1142; x_wconf 91' lang='lat' dir='ltr'>dicitur</span> <span class='ocrx_word' id='word_1_14' title='bbox 546 1071 662 1168; x_wconf 84' lang='lat' dir='ltr'><strong>Rupes</strong></span> <span class='ocrx_word' id='word_1_15' title='bbox 688 1067 862 1141; x_wconf 91' lang='lat' dir='ltr'>Gnidonis</span> <span class='ocrx_word' id='word_1_16' title='bbox 872 1069 894 1158; x_wconf 89' lang='lat'>¹,</span> <span class='ocrx_word' id='word_1_17' title='bbox 915 1068 952 1141; x_wconf 94' lang='lat' dir='ltr'>in</span> <span class='ocrx_word' id='word_1_18' title='bbox 982 1065 1169 1166; x_wconf 81' lang='lat' dir='ltr'>superficie</span> <span class='ocrx_word' id='word_1_19' title='bbox 1188 1072 1243 1140; x_wconf 92' lang='lat' dir='ltr'>sul</span> <span class='ocrx_word' id='word_1_20' title='bbox 1263 1069 1455 1165; x_wconf 86' lang='lat' dir='ltr'>invisibile,</span> 
     </span>
     <span class='ocr_line' id='line_1_4' title="bbox 392 1183 1456 1284; baseline -0.001 -24"><span class='ocrx_word' id='word_1_21' title='bbox 392 1210 483 1284; x_wconf 92' lang='lat' dir='ltr'>rupe</span> <span class='ocrx_word' id='word_1_22' title='bbox 503 1183 649 1258; x_wconf 88' lang='lat' dir='ltr'>sublimi</span> <span class='ocrx_word' id='word_1_23' title='bbox 665 1185 905 1274; x_wconf 78' lang='lat' dir='ltr'>incaveatum,</span> <span class='ocrx_word' id='word_1_24' title='bbox 924 1184 983 1257; x_wconf 91' lang='lat' dir='ltr'>cui</span> <span class='ocrx_word' id='word_1_25' title='bbox 1002 1209 1131 1258; x_wconf 92' lang='lat' dir='ltr'>manus</span> <span class='ocrx_word' id='word_1_26' title='bbox 1148 1184 1277 1258; x_wconf 88' lang='lat' dir='ltr'>aemula</span> <span class='ocrx_word' id='word_1_27' title='bbox 1297 1185 1456 1275; x_wconf 87' lang='lat' dir='ltr'>artificis,</span> 
     </span>
     <span class='ocr_line' id='line_1_5' title="bbox 391 1295 1458 1392; baseline 0.001 -17"><span class='ocrx_word' id='word_1_28' title='bbox 391 1303 430 1375; x_wconf 92' lang='lat' dir='ltr'>in</span> <span class='ocrx_word' id='word_1_29' title='bbox 447 1301 582 1376; x_wconf 81' lang='lat' dir='ltr'>devexo</span> <span class='ocrx_word' id='word_1_30' title='bbox 593 1303 728 1377; x_wconf 91' lang='lat' dir='ltr'>montis</span> <span class='ocrx_word' id='word_1_31' title='bbox 742 1327 824 1375; x_wconf 87' lang='lat' dir='ltr'>raro</span> <span class='ocrx_word' id='word_1_32' title='bbox 838 1317 874 1375; x_wconf 93' lang='lat' dir='ltr'>et</span> <span class='ocrx_word' id='word_1_33' title='bbox 888 1301 1020 1374; x_wconf 90' lang='lat' dir='ltr'>misero</span> <span class='ocrx_word' id='word_1_34' title='bbox 1030 1303 1136 1392; x_wconf 89' lang='lat' dir='ltr'>ostio,</span> <span class='ocrx_word' id='word_1_35' title='bbox 1151 1295 1313 1376; x_wconf 73' lang='lat' dir='ltr'>maxime</span> <span class='ocrx_word' id='word_1_36' title='bbox 1326 1301 1458 1376; x_wconf 91' lang='lat' dir='ltr'>domus</span> 
     </span>
     <span class='ocr_line' id='line_1_6' title="bbox 391 1417 1459 1518; baseline 0.002 -28"><span class='ocrx_word' id='word_1_37' title='bbox 391 1419 668 1518; x_wconf 88' lang='lat' dir='ltr'>amplitudinem</span> <span class='ocrx_word' id='word_1_38' title='bbox 685 1444 775 1518; x_wconf 90' lang='lat' dir='ltr'>rupe</span> <span class='ocrx_word' id='word_1_39' title='bbox 800 1443 888 1491; x_wconf 88' lang='lat' dir='ltr'>caesa</span> <span class='ocrx_word' id='word_1_40' title='bbox 910 1417 1089 1511; x_wconf 80' lang='lat' dir='ltr'>extendit3</span> <span class='ocrx_word' id='word_1_41' title='bbox 1116 1433 1274 1513; x_wconf 88' lang='lat' dir='ltr'>antrum,</span> <span class='ocrx_word' id='word_1_42' title='bbox 1296 1433 1337 1490; x_wconf 94' lang='lat' dir='ltr'>ut</span> <span class='ocrx_word' id='word_1_43' title='bbox 1356 1435 1459 1517; x_wconf 89' lang='lat' dir='ltr'>puta-</span> 
     </span>
    </p>

    <p class='ocr_par' dir='ltr' id='par_1_3' title="bbox 392 1519 1565 1753">
     <span class='ocr_line' id='line_1_7' title="bbox 392 1519 1565 1638; baseline -0.001 -28"><span class='ocrx_word' id='word_1_44' title='bbox 392 1552 464 1629; x_wconf 89' lang='lat' dir='ltr'>tur,</span> <span class='ocrx_word' id='word_1_45' title='bbox 477 1537 675 1633; x_wconf 78' lang='lat' dir='ltr'>fatidicum,</span> <span class='ocrx_word' id='word_1_46' title='bbox 695 1540 730 1610; x_wconf 91' lang='lat' dir='ltr'>in</span> <span class='ocrx_word' id='word_1_47' title='bbox 748 1563 822 1638; x_wconf 93' lang='lat' dir='ltr'>quo</span> <span class='ocrx_word' id='word_1_48' title='bbox 839 1537 1009 1637; x_wconf 84' lang='lat' dir='ltr'>Apollinis</span> <span class='ocrx_word' id='word_1_49' title='bbox 1026 1537 1169 1610; x_wconf 89' lang='lat' dir='ltr'>oracula</span> <span class='ocrx_word' id='word_1_50' title='bbox 1183 1552 1384 1630; x_wconf 87' lang='lat' dir='ltr'>sumantur,</span> <span class='ocrx_word' id='word_1_51' title='bbox 1396 1551 1458 1610; x_wconf 91' lang='lat' dir='ltr'>aut</span> <span class='ocrx_word' id='word_1_52' title='bbox 1559 1519 1565 1528; x_wconf 48' lang='grc'>’</span> 
     </span>
     <span class='ocr_line' id='line_1_8' title="bbox 392 1652 829 1753; baseline -0.002 -27"><span class='ocrx_word' id='word_1_53' title='bbox 392 1652 528 1753; x_wconf 90' lang='lat' dir='ltr'>dequo</span> <span class='ocrx_word' id='word_1_54' title='bbox 546 1655 633 1728; x_wconf 89' lang='lat' dir='ltr'>dicit</span> <span class='ocrx_word' id='word_1_55' title='bbox 644 1657 829 1729; x_wconf 88' lang='lat' dir='ltr'>Lucanus:</span> 
     </span>
    </p>
   </div>
   <div class='ocr_carea' id='block_1_3' title="bbox 512 1847 1283 2113">
    <p class='ocr_par' dir='ltr' id='par_1_4' title="bbox 512 1847 1283 2113">
     <span class='ocr_line' id='line_1_9' title="bbox 515 1847 1221 1924; baseline -0.001 -19"><span class='ocrx_word' id='word_1_56' title='bbox 515 1887 723 1911; x_wconf 88' lang='grc'><strong>.......</strong></span> <span class='ocrx_word' id='word_1_57' title='bbox 746 1849 835 1919; x_wconf 72' lang='lat' dir='ltr'>Nm,</span> <span class='ocrx_word' id='word_1_58' title='bbox 850 1851 977 1924; x_wconf 75' lang='lat' dir='ltr'>quamvis</span> <span class='ocrx_word' id='word_1_59' title='bbox 990 1847 1129 1906; x_wconf 75' lang='lat' dir='ltr'>Thessala</span> <span class='ocrx_word' id='word_1_60' title='bbox 1144 1860 1221 1906; x_wconf 81' lang='lat' dir='ltr'>vater</span> 
     </span>
     <span class='ocr_line' id='line_1_10' title="bbox 513 1937 1283 2018; baseline 0.001 -20"><span class='ocrx_word' id='word_1_61' title='bbox 513 1945 580 1998; x_wconf 81' lang='lat' dir='ltr'>Vim</span> <span class='ocrx_word' id='word_1_62' title='bbox 596 1942 688 2017; x_wconf 73' lang='lat' dir='ltr'>saciat</span> <span class='ocrx_word' id='word_1_63' title='bbox 700 1941 783 2018; x_wconf 77' lang='lat' dir='ltr'>fatis,</span> <span class='ocrx_word' id='word_1_64' title='bbox 792 1937 907 1998; x_wconf 83' lang='lat' dir='ltr'>dubium</span> <span class='ocrx_word' id='word_1_65' title='bbox 922 1951 966 1998; x_wconf 83' lang='lat' dir='ltr'>est</span> <span class='ocrx_word' id='word_1_66' title='bbox 978 1943 1050 2017; x_wconf 83' lang='lat' dir='ltr'>qnid</span> <span class='ocrx_word' id='word_1_67' title='bbox 1064 1947 1190 1998; x_wconf 71' lang='lat' dir='ltr'>traverit</span> <span class='ocrx_word' id='word_1_68' title='bbox 1205 1944 1283 2016; x_wconf 80' lang='lat' dir='ltr'>illuc,</span> 
     </span>
     <span class='ocr_line' id='line_1_11' title="bbox 512 2033 1277 2113; baseline -0.003 -19"><span class='ocrx_word' id='word_1_69' title='bbox 512 2040 645 2112; x_wconf 77' lang='lat' dir='ltr'>Asptctar</span> <span class='ocrx_word' id='word_1_70' title='bbox 657 2037 786 2113; x_wconf 79' lang='lat' dir='ltr'>Stygias,</span> <span class='ocrx_word' id='word_1_71' title='bbox 802 2055 841 2092; x_wconf 86' lang='lat' dir='ltr'>an</span> <span class='ocrx_word' id='word_1_72' title='bbox 852 2036 930 2112; x_wconf 83' lang='lat' dir='ltr'>quod</span> <span class='ocrx_word' id='word_1_73' title='bbox 940 2036 1118 2091; x_wconf 80' lang='lat' dir='ltr'>descenderit</span> <span class='ocrx_word' id='word_1_74' title='bbox 1131 2033 1245 2092; x_wconf 83' lang='lat' dir='ltr'>umbras</span> <span class='ocrx_word' id='word_1_75' title='bbox 1254 2035 1277 2098; x_wconf 84' lang='lat'>².</span> 
     </span>
    </p>
   </div>
   <div class='ocr_carea' id='block_1_4' title="bbox 390 2198 1463 4064">
    <p class='ocr_par' dir='ltr' id='par_1_5' title="bbox 390 2198 1463 4064">
     <span class='ocr_line' id='line_1_12' title="bbox 392 2198 1460 2298; baseline 0 -26"><span class='ocrx_word' id='word_1_76' title='bbox 392 2202 486 2274; x_wconf 90' lang='lat' dir='ltr'>Hinc</span> <span class='ocrx_word' id='word_1_77' title='bbox 504 2201 654 2274; x_wconf 84' lang='lat' dir='ltr'>forsitan</span> <span class='ocrx_word' id='word_1_78' title='bbox 677 2201 752 2274; x_wconf 93' lang='lat' dir='ltr'>itur</span> <span class='ocrx_word' id='word_1_79' title='bbox 774 2198 820 2273; x_wconf 89' lang='lat' dir='ltr'>ad</span> <span class='ocrx_word' id='word_1_80' title='bbox 841 2223 978 2274; x_wconf 87' lang='lat' dir='ltr'>manes.</span> <span class='ocrx_word' id='word_1_81' title='bbox 1007 2199 1116 2298; x_wconf 89' lang='lat' dir='ltr'>Cujus</span> <span class='ocrx_word' id='word_1_82' title='bbox 1143 2198 1304 2294; x_wconf 79' lang='lat' dir='ltr'>fautiosi,</span> <span class='ocrx_word' id='word_1_83' title='bbox 1329 2202 1405 2273; x_wconf 91' lang='lat' dir='ltr'>Diis</span> <span class='ocrx_word' id='word_1_84' title='bbox 1424 2217 1460 2272; x_wconf 92' lang='lat' dir='ltr'>et</span> 
     </span>
     <span class='ocr_line' id='line_1_13' title="bbox 391 2315 1460 2416; baseline -0.001 -26"><span class='ocrx_word' id='word_1_85' title='bbox 391 2317 601 2392; x_wconf 91' lang='lat' dir='ltr'>hominibus</span> <span class='ocrx_word' id='word_1_86' title='bbox 611 2321 707 2391; x_wconf 81' lang='lat' dir='ltr'>exosi</span> <span class='ocrx_word' id='word_1_87' title='bbox 717 2315 842 2416; x_wconf 88' lang='lat' dir='ltr'>oppidi</span> <span class='ocrx_word' id='word_1_88' title='bbox 852 2340 1038 2415; x_wconf 86' lang='lat' dir='ltr'>possessor</span> <span class='ocrx_word' id='word_1_89' title='bbox 1050 2316 1199 2409; x_wconf 74' lang='lat' dir='ltr'>Guido&#39;,</span> <span class='ocrx_word' id='word_1_90' title='bbox 1211 2316 1317 2391; x_wconf 89' lang='lat' dir='ltr'>bonae</span> <span class='ocrx_word' id='word_1_91' title='bbox 1328 2317 1460 2390; x_wconf 93' lang='lat' dir='ltr'>indolis</span> 
     </span>
     <span class='ocr_line' id='line_1_14' title="bbox 392 2417 1457 2534; baseline -0.003 -25"><span class='ocrx_word' id='word_1_92' title='bbox 392 2435 612 2526; x_wconf 77' lang='lat' dir='ltr'>adolescenS,</span> <span class='ocrx_word' id='word_1_93' title='bbox 634 2449 902 2507; x_wconf 89' lang='lat' dir='ltr'>antecessorum</span> <span class='ocrx_word' id='word_1_94' title='bbox 917 2417 1112 2532; x_wconf 65' lang='lat' dir='ltr'>nequitie,</span> <span class='ocrx_word' id='word_1_95' title='bbox 1123 2449 1231 2534; x_wconf 90' lang='lat' dir='ltr'>rupta</span> <span class='ocrx_word' id='word_1_96' title='bbox 1246 2436 1457 2534; x_wconf 85' lang='lat' dir='ltr'>propagine,</span> 
     </span>
     <span class='ocr_line' id='line_1_15' title="bbox 391 2549 1462 2651; baseline 0 -27"><span class='ocrx_word' id='word_1_97' title='bbox 391 2553 541 2639; x_wconf 89' lang='lat' dir='ltr'>alienus,</span> <span class='ocrx_word' id='word_1_98' title='bbox 561 2577 645 2626; x_wconf 92' lang='lat' dir='ltr'>cum</span> <span class='ocrx_word' id='word_1_99' title='bbox 659 2551 810 2624; x_wconf 87' lang='lat' dir='ltr'>honeste</span> <span class='ocrx_word' id='word_1_100' title='bbox 825 2567 863 2624; x_wconf 90' lang='lat' dir='ltr'>et</span> <span class='ocrx_word' id='word_1_101' title='bbox 878 2549 1015 2649; x_wconf 84' lang='lat' dir='ltr'>absque</span> <span class='ocrx_word' id='word_1_102' title='bbox 1032 2552 1168 2624; x_wconf 76' lang='lat' dir='ltr'>miseras</span> <span class='ocrx_word' id='word_1_103' title='bbox 1186 2552 1390 2651; x_wconf 79' lang='lat' dir='ltr'>rapacitatis</span> <span class='ocrx_word' id='word_1_104' title='bbox 1407 2552 1462 2624; x_wconf 91' lang='lat' dir='ltr'>in-</span> 
     </span>
     <span class='ocr_line' id='line_1_16' title="bbox 392 2666 1460 2766; baseline 0 -26"><span class='ocrx_word' id='word_1_105' title='bbox 392 2666 508 2766; x_wconf 88' lang='lat' dir='ltr'>gluvie</span> <span class='ocrx_word' id='word_1_106' title='bbox 535 2669 646 2742; x_wconf 88' lang='lat' dir='ltr'>vitam</span> <span class='ocrx_word' id='word_1_107' title='bbox 672 2667 800 2764; x_wconf 86' lang='lat' dir='ltr'>degere</span> <span class='ocrx_word' id='word_1_108' title='bbox 830 2667 1059 2759; x_wconf 88' lang='lat' dir='ltr'>instituisset,</span> <span class='ocrx_word' id='word_1_109' title='bbox 1085 2666 1231 2740; x_wconf 88' lang='lat' dir='ltr'>inlausti</span> <span class='ocrx_word' id='word_1_110' title='bbox 1254 2667 1326 2740; x_wconf 91' lang='lat' dir='ltr'>loci</span> <span class='ocrx_word' id='word_1_111' title='bbox 1351 2669 1460 2741; x_wconf 92' lang='lat' dir='ltr'>inter-</span> 
     </span>
     <span class='ocr_line' id='line_1_17' title="bbox 392 2784 1459 2885; baseline -0.005 -25"><span class='ocrx_word' id='word_1_112' title='bbox 392 2802 517 2885; x_wconf 86' lang='lat' dir='ltr'>ceptus</span> <span class='ocrx_word' id='word_1_113' title='bbox 540 2784 762 2879; x_wconf 88' lang='lat' dir='ltr'>calamitate,</span> <span class='ocrx_word' id='word_1_114' title='bbox 792 2784 987 2856; x_wconf 89' lang='lat' dir='ltr'>socerisui</span> <span class='ocrx_word' id='word_1_115' title='bbox 1013 2784 1225 2883; x_wconf 88' lang='lat' dir='ltr'>nequitioris</span> <span class='ocrx_word' id='word_1_116' title='bbox 1252 2785 1459 2883; x_wconf 86' lang='lat' dir='ltr'>nequissimi</span> 
     </span>
     <span class='ocr_line' id='line_1_18' title="bbox 391 2899 1461 3003; baseline -0.003 -28"><span class='ocrx_word' id='word_1_117' title='bbox 391 2902 596 3003; x_wconf 89' lang='lat' dir='ltr'>proditione</span> <span class='ocrx_word' id='word_1_118' title='bbox 615 2901 862 2992; x_wconf 89' lang='lat' dir='ltr'>detruncatus,</span> <span class='ocrx_word' id='word_1_119' title='bbox 879 2916 916 2974; x_wconf 91' lang='lat' dir='ltr'>et</span> <span class='ocrx_word' id='word_1_120' title='bbox 932 2899 1055 2973; x_wconf 91' lang='lat' dir='ltr'>locum</span> <span class='ocrx_word' id='word_1_121' title='bbox 1078 2917 1114 2973; x_wconf 90' lang='lat' dir='ltr'>et</span> <span class='ocrx_word' id='word_1_122' title='bbox 1130 2926 1323 3001; x_wconf 89' lang='lat' dir='ltr'>personam</span> <span class='ocrx_word' id='word_1_123' title='bbox 1341 2915 1461 2974; x_wconf 90' lang='lat' dir='ltr'>morte</span> 
     </span>
     <span class='ocr_line' id='line_1_19' title="bbox 391 3017 1461 3120; baseline -0.002 -26"><span class='ocrx_word' id='word_1_124' title='bbox 391 3021 577 3120; x_wconf 90' lang='lat' dir='ltr'>inopinata</span> <span class='ocrx_word' id='word_1_125' title='bbox 587 3017 730 3092; x_wconf 78' lang='lat' dir='ltr'>amisit⁸.</span> <span class='ocrx_word' id='word_1_126' title='bbox 749 3018 961 3091; x_wconf 87' lang='lat' dir='ltr'>Guillelmus</span> <span class='ocrx_word' id='word_1_127' title='bbox 975 3017 1155 3117; x_wconf 91' lang='lat' dir='ltr'>siquidem</span> <span class='ocrx_word' id='word_1_128' title='bbox 1167 3019 1392 3116; x_wconf 80' lang='lat' dir='ltr'>gener⁸ejus‚</span> <span class='ocrx_word' id='word_1_129' title='bbox 1406 3044 1461 3116; x_wconf 76' lang='lat' dir='ltr'>ge</span> 
     </span>
     <span class='ocr_line' id='line_1_20' title="bbox 392 3133 1463 3235; baseline -0.002 -25"><span class='ocrx_word' id='word_1_130' title='bbox 392 3159 479 3210; x_wconf 88' lang='lat' dir='ltr'>nere</span> <span class='ocrx_word' id='word_1_131' title='bbox 492 3139 735 3226; x_wconf 88' lang='lat' dir='ltr'>Normannus,</span> <span class='ocrx_word' id='word_1_132' title='bbox 749 3134 914 3234; x_wconf 87' lang='lat' dir='ltr'>proditor</span> <span class='ocrx_word' id='word_1_133' title='bbox 932 3133 1237 3234; x_wconf 90' lang='lat' dir='ltr'>incomparabilis,</span> <span class='ocrx_word' id='word_1_134' title='bbox 1254 3151 1295 3208; x_wconf 91' lang='lat' dir='ltr'>nt</span> <span class='ocrx_word' id='word_1_135' title='bbox 1312 3134 1463 3235; x_wconf 87' lang='lat' dir='ltr'>putaba-</span> 
     </span>
     <span class='ocr_line' id='line_1_21' title="bbox 392 3259 1458 3362; baseline 0.002 -29"><span class='ocrx_word' id='word_1_136' title='bbox 392 3276 464 3349; x_wconf 87' lang='lat' dir='ltr'>tur,</span> <span class='ocrx_word' id='word_1_137' title='bbox 478 3260 661 3334; x_wconf 85' lang='lat' dir='ltr'>familiaris</span> <span class='ocrx_word' id='word_1_138' title='bbox 671 3274 707 3332; x_wconf 89' lang='lat' dir='ltr'>et</span> <span class='ocrx_word' id='word_1_139' title='bbox 715 3259 951 3333; x_wconf 90' lang='lat' dir='ltr'>amicissimus</span> <span class='ocrx_word' id='word_1_140' title='bbox 965 3260 1055 3359; x_wconf 90' lang='lat' dir='ltr'>ejus,</span> <span class='ocrx_word' id='word_1_141' title='bbox 1066 3285 1152 3334; x_wconf 89' lang='lat' dir='ltr'>cum</span> <span class='ocrx_word' id='word_1_142' title='bbox 1161 3262 1383 3362; x_wconf 87' lang='lat' dir='ltr'>concepisset</span> <span class='ocrx_word' id='word_1_143' title='bbox 1393 3262 1458 3335; x_wconf 95' lang='lat' dir='ltr'>do-</span> 
     </span>
     <span class='ocr_line' id='line_1_22' title="bbox 391 3377 1460 3479; baseline -0.001 -27"><span class='ocrx_word' id='word_1_144' title='bbox 391 3377 507 3452; x_wconf 89' lang='lat' dir='ltr'>lorem</span> <span class='ocrx_word' id='word_1_145' title='bbox 525 3393 561 3452; x_wconf 92' lang='lat' dir='ltr'>et</span> <span class='ocrx_word' id='word_1_146' title='bbox 575 3378 769 3478; x_wconf 90' lang='lat' dir='ltr'>peperisset</span> <span class='ocrx_word' id='word_1_147' title='bbox 778 3378 1004 3476; x_wconf 88' lang='lat' dir='ltr'>iniquitatem</span> <span class='ocrx_word' id='word_1_148' title='bbox 1013 3381 1036 3472; x_wconf 80' lang='lat'>⁸,</span> <span class='ocrx_word' id='word_1_149' title='bbox 1051 3378 1261 3477; x_wconf 91' lang='lat' dir='ltr'>crepusculo</span> <span class='ocrx_word' id='word_1_150' title='bbox 1274 3378 1460 3479; x_wconf 88' lang='lat' dir='ltr'>cujusdam</span> 
     </span>
     <span class='ocr_line' id='line_1_23' title="bbox 390 3493 1461 3595; baseline 0.001 -27"><span class='ocrx_word' id='word_1_151' title='bbox 390 3494 565 3568; x_wconf 90' lang='lat' dir='ltr'>dominici</span> <span class='ocrx_word' id='word_1_152' title='bbox 578 3495 663 3588; x_wconf 88' lang='lat' dir='ltr'>diei,</span> <span class='ocrx_word' id='word_1_153' title='bbox 674 3507 800 3567; x_wconf 89' lang='lat' dir='ltr'>nactus</span> <span class='ocrx_word' id='word_1_154' title='bbox 810 3493 1026 3594; x_wconf 93' lang='lat' dir='ltr'>proditionis</span> <span class='ocrx_word' id='word_1_155' title='bbox 1038 3499 1364 3595; x_wconf 87' lang='lat' dir='ltr'>opportunitatem,</span> <span class='ocrx_word' id='word_1_156' title='bbox 1375 3520 1461 3569; x_wconf 91' lang='lat' dir='ltr'>cnm</span> 
     </span>
     <span class='ocr_line' id='line_1_24' title="bbox 391 3609 1463 3710; baseline 0.001 -26"><span class='ocrx_word' id='word_1_157' title='bbox 391 3612 448 3685; x_wconf 90' lang='lat' dir='ltr'>his</span> <span class='ocrx_word' id='word_1_158' title='bbox 463 3613 527 3710; x_wconf 90' lang='lat' dir='ltr'>qui</span> <span class='ocrx_word' id='word_1_159' title='bbox 538 3609 740 3686; x_wconf 88' lang='lat' dir='ltr'>devotiores</span> <span class='ocrx_word' id='word_1_160' title='bbox 753 3611 863 3710; x_wconf 89' lang='lat' dir='ltr'>primi</span> <span class='ocrx_word' id='word_1_161' title='bbox 880 3611 926 3684; x_wconf 91' lang='lat' dir='ltr'>ad</span> <span class='ocrx_word' id='word_1_162' title='bbox 941 3611 1146 3706; x_wconf 86' lang='lat' dir='ltr'>ecclesiam,</span> <span class='ocrx_word' id='word_1_163' title='bbox 1166 3611 1309 3685; x_wconf 72' lang='lat' dir='ltr'>domni&#39;</span> <span class='ocrx_word' id='word_1_164' title='bbox 1326 3611 1463 3686; x_wconf 91' lang='lat' dir='ltr'>Gnido-</span> 
     </span>
     <span class='ocr_line' id='line_1_25' title="bbox 391 3728 1457 3828; baseline 0.002 -28"><span class='ocrx_word' id='word_1_165' title='bbox 391 3729 447 3800; x_wconf 92' lang='lat' dir='ltr'>nis</span> <span class='ocrx_word' id='word_1_166' title='bbox 460 3730 588 3826; x_wconf 82' lang='lat' dir='ltr'>partita</span> <span class='ocrx_word' id='word_1_167' title='bbox 604 3752 693 3828; x_wconf 91' lang='lat' dir='ltr'>rupe</span> <span class='ocrx_word' id='word_1_168' title='bbox 710 3729 930 3824; x_wconf 84' lang='lat' dir='ltr'>contiguam,</span> <span class='ocrx_word' id='word_1_169' title='bbox 947 3729 1224 3824; x_wconf 89' lang='lat' dir='ltr'>conveniebant,</span> <span class='ocrx_word' id='word_1_170' title='bbox 1245 3745 1281 3802; x_wconf 93' lang='lat' dir='ltr'>et</span> <span class='ocrx_word' id='word_1_171' title='bbox 1299 3730 1375 3828; x_wconf 92' lang='lat' dir='ltr'>ipse</span> <span class='ocrx_word' id='word_1_172' title='bbox 1395 3728 1457 3802; x_wconf 89' lang='lat' dir='ltr'>sed</span> 
     </span>
     <span class='ocr_line' id='line_1_26' title="bbox 392 3842 1459 3946; baseline 0.002 -30"><span class='ocrx_word' id='word_1_173' title='bbox 392 3842 621 3937; x_wconf 89' lang='lat' dir='ltr'>dissimiliter,</span> <span class='ocrx_word' id='word_1_174' title='bbox 645 3845 813 3918; x_wconf 88' lang='lat' dir='ltr'>loricatus</span> <span class='ocrx_word' id='word_1_175' title='bbox 832 3845 895 3918; x_wconf 89' lang='lat' dir='ltr'>sed</span> <span class='ocrx_word' id='word_1_176' title='bbox 911 3861 1103 3946; x_wconf 87' lang='lat' dir='ltr'>cappatus,</span> <span class='ocrx_word' id='word_1_177' title='bbox 1122 3872 1208 3920; x_wconf 90' lang='lat' dir='ltr'>cum</span> <span class='ocrx_word' id='word_1_178' title='bbox 1227 3846 1459 3945; x_wconf 89' lang='lat' dir='ltr'>proditorum</span> 
     </span>
     <span class='ocr_line' id='line_1_27' title="bbox 392 3961 1460 4064; baseline -0.001 -28"><span class='ocrx_word' id='word_1_179' title='bbox 392 3961 578 4062; x_wconf 89' lang='lat' dir='ltr'>manipulo</span> <span class='ocrx_word' id='word_1_180' title='bbox 586 3962 773 4036; x_wconf 92' lang='lat' dir='ltr'>convenit:</span> <span class='ocrx_word' id='word_1_181' title='bbox 790 3977 827 4036; x_wconf 89' lang='lat' dir='ltr'>et</span> <span class='ocrx_word' id='word_1_182' title='bbox 835 3961 992 4036; x_wconf 89' lang='lat' dir='ltr'>dumalii</span> <span class='ocrx_word' id='word_1_183' title='bbox 1000 3964 1169 4056; x_wconf 89' lang='lat' dir='ltr'>orationi,</span> <span class='ocrx_word' id='word_1_184' title='bbox 1179 3964 1256 4064; x_wconf 93' lang='lat' dir='ltr'>ipse</span> <span class='ocrx_word' id='word_1_185' title='bbox 1264 3962 1460 4064; x_wconf 90' lang='lat' dir='ltr'>aliquando</span> 
     </span>
    </p>
   </div>
   <div class='ocr_carea' id='block_1_5' title="bbox 434 4197 1457 4660">
    <p class='ocr_par' dir='ltr' id='par_1_6' title="bbox 435 4197 1217 4281">
     <span class='ocr_line' id='line_1_28' title="bbox 435 4197 1217 4281; baseline 0.004 -21"><span class='ocrx_word' id='word_1_186' title='bbox 435 4203 464 4260; x_wconf 86' lang='lat' dir='ltr'>l.</span> <span class='ocrx_word' id='word_1_187' title='bbox 484 4201 567 4258; x_wconf 87' lang='lat' dir='ltr'>Nunc</span> <span class='ocrx_word' id='word_1_188' title='bbox 580 4197 668 4258; x_wconf 83' lang='lat' dir='ltr'>etiam</span> <span class='ocrx_word' id='word_1_189' title='bbox 680 4203 725 4258; x_wconf 85' lang='lat' dir='ltr'>La</span> <span class='ocrx_word' id='word_1_190' title='bbox 738 4199 948 4278; x_wconf 72' lang='lat' dir='ltr'>nocte-cuyon</span> <span class='ocrx_word' id='word_1_191' title='bbox 961 4197 1217 4281; x_wconf 71' lang='lat' dir='ltr'>(Seme-et-Oire).</span> 
     </span>
    </p>

    <p class='ocr_par' dir='ltr' id='par_1_7' title="bbox 434 4293 1176 4366">
     <span class='ocr_line' id='line_1_29' title="bbox 434 4293 1176 4366; baseline 0.005 -12"><span class='ocrx_word' id='word_1_192' title='bbox 434 4299 463 4356; x_wconf 73' lang='lat'>2.</span> <span class='ocrx_word' id='word_1_193' title='bbox 479 4293 591 4354; x_wconf 86' lang='lat' dir='ltr'>Lucani</span> <span class='ocrx_word' id='word_1_194' title='bbox 603 4295 722 4366; x_wconf 67' lang='lat' dir='ltr'>Phara,</span> <span class='ocrx_word' id='word_1_195' title='bbox 733 4293 784 4356; x_wconf 91' lang='lat' dir='ltr'>lib.</span> <span class='ocrx_word' id='word_1_196' title='bbox 801 4298 852 4358; x_wconf 87' lang='lat' dir='ltr'>vt.</span> <span class='ocrx_word' id='word_1_197' title='bbox 867 4326 906 4340; x_wconf 90' lang='lat'><em>-</em></span> <span class='ocrx_word' id='word_1_198' title='bbox 918 4299 947 4359; x_wconf 87' lang='lat'>3.</span> <span class='ocrx_word' id='word_1_199' title='bbox 960 4298 1006 4359; x_wconf 91' lang='lat' dir='ltr'><em>W</em></span> <span class='ocrx_word' id='word_1_200' title='bbox 1004 4298 1051 4353; x_wconf 85' lang='lat' dir='ltr'>ido</span> <span class='ocrx_word' id='word_1_201' title='bbox 1065 4298 1176 4358; x_wconf 79' lang='lat'><strong>12710.</strong></span> 
     </span>
    </p>

    <p class='ocr_par' dir='ltr' id='par_1_8' title="bbox 434 4389 1059 4468">
     <span class='ocr_line' id='line_1_30' title="bbox 434 4389 1059 4468; baseline 0.002 -19"><span class='ocrx_word' id='word_1_202' title='bbox 434 4393 464 4449; x_wconf 73' lang='lat' dir='ltr'>li.</span> <span class='ocrx_word' id='word_1_203' title='bbox 485 4393 570 4449; x_wconf 84' lang='lat' dir='ltr'>Anno</span> <span class='ocrx_word' id='word_1_204' title='bbox 585 4390 675 4449; x_wconf 75' lang='lat' dir='ltr'>stou.</span> <span class='ocrx_word' id='word_1_205' title='bbox 691 4421 733 4433; x_wconf 89' lang='lat'><em>—</em></span> <span class='ocrx_word' id='word_1_206' title='bbox 746 4393 776 4450; x_wconf 83' lang='lat'>5.</span> <span class='ocrx_word' id='word_1_207' title='bbox 791 4389 958 4468; x_wconf 78' lang='lat' dir='ltr'>legendum</span> <span class='ocrx_word' id='word_1_208' title='bbox 972 4411 1059 4452; x_wconf 81' lang='lat' dir='ltr'>socer.</span> 
     </span>
    </p>

    <p class='ocr_par' dir='ltr' id='par_1_9' title="bbox 435 4485 1457 4660">
     <span class='ocr_line' id='line_1_31' title="bbox 435 4485 1457 4565; baseline -0.001 -19"><span class='ocrx_word' id='word_1_209' title='bbox 435 4489 466 4546; x_wconf 83' lang='lat'>6.</span> <span class='ocrx_word' id='word_1_210' title='bbox 490 4510 504 4539; x_wconf 67' lang='grc' dir='ltr'>ι</span> <span class='ocrx_word' id='word_1_211' title='bbox 519 4487 654 4562; x_wconf 79' lang='lat' dir='ltr'>Concepit</span> <span class='ocrx_word' id='word_1_212' title='bbox 665 4487 787 4544; x_wconf 84' lang='lat' dir='ltr'>dolorem</span> <span class='ocrx_word' id='word_1_213' title='bbox 805 4499 833 4543; x_wconf 81' lang='lat' dir='ltr'>et</span> <span class='ocrx_word' id='word_1_214' title='bbox 845 4493 961 4564; x_wconf 74' lang='lat' dir='ltr'>peperit</span> <span class='ocrx_word' id='word_1_215' title='bbox 978 4493 1170 4565; x_wconf 80' lang='lat' dir='ltr'>inr&#39;quttatem.</span> <span class='ocrx_word' id='word_1_216' title='bbox 1186 4511 1201 4539; x_wconf 71' lang='grc' dir='ltr'><strong>ι</strong></span> <span class='ocrx_word' id='word_1_217' title='bbox 1219 4485 1326 4547; x_wconf 86' lang='lat' dir='ltr'>Psalm.</span> <span class='ocrx_word' id='word_1_218' title='bbox 1344 4506 1396 4559; x_wconf 83' lang='lat' dir='ltr'>vn,</span> <span class='ocrx_word' id='word_1_219' title='bbox 1409 4490 1457 4545; x_wconf 76' lang='lat' dir='ltr'>tt.</span> 
     </span>
     <span class='ocr_line' id='line_1_32' title="bbox 436 4577 1457 4660; baseline 0 -20"><span class='ocrx_word' id='word_1_220' title='bbox 436 4585 465 4640; x_wconf 86' lang='grc'>7.</span> <span class='ocrx_word' id='word_1_221' title='bbox 487 4577 546 4642; x_wconf 83' lang='lat' dir='ltr'>stc.</span> <span class='ocrx_word' id='word_1_222' title='bbox 563 4581 652 4645; x_wconf 87' lang='lat' dir='ltr'>codd.</span> <span class='ocrx_word' id='word_1_223' title='bbox 672 4599 773 4642; x_wconf 86' lang='lat' dir='ltr'>omnes</span> <span class='ocrx_word' id='word_1_224' title='bbox 786 4593 872 4660; x_wconf 83' lang='lat' dir='ltr'>atque</span> <span class='ocrx_word' id='word_1_225' title='bbox 883 4581 953 4647; x_wconf 81' lang='lat' dir='ltr'>edit.</span> <span class='ocrx_word' id='word_1_226' title='bbox 973 4583 1085 4643; x_wconf 86' lang='lat' dir='ltr'>Bened.</span> <span class='ocrx_word' id='word_1_227' title='bbox 1103 4615 1138 4628; x_wconf 92' lang='lat'><em>-</em></span> <span class='ocrx_word' id='word_1_228' title='bbox 1151 4587 1269 4642; x_wconf 81' lang='lat' dir='ltr'>Domini</span> <span class='ocrx_word' id='word_1_229' title='bbox 1289 4579 1375 4660; x_wconf 88' lang='lat' dir='ltr'>reliq.</span> <span class='ocrx_word' id='word_1_230' title='bbox 1388 4580 1457 4640; x_wconf 85' lang='lat' dir='ltr'>edd.</span> 
     </span>
    </p>
   </div>
   <div class='ocr_carea' id='block_1_6' title="bbox 0 0 1878 5667">
    <p class='ocr_par' dir='ltr' id='par_1_10' title="bbox 0 0 1878 5667">
     <span class='ocr_line' id='line_1_33' title="bbox 0 0 1878 5667; baseline 0 0"><span class='ocrx_word' id='word_1_231' title='bbox 0 0 1878 5667; x_wconf 95' lang='lat' dir='ltr'> </span> 
     </span>
    </p>
   </div>
  </div>
 </body>
</html>
