3742 5667
524 782 584 841 us
741 776 904 837 muvnrs
926 763 1139 837 courrieres
1158 778 1209 858 on
1229 776 1362 836 suom.

524 908 660 984 nullam
677 911 900 1007 conspicatus
923 934 1002 982 sum
1023 909 1216 1003 minorem,
1235 908 1419 999 semiruta,
1436 907 1474 979 in
1490 906 1580 979 loco

523 1026 585 1123 qui
602 1024 733 1097 dicitur
748 1026 902 1122 Campis,
924 1026 962 1099 in
976 1050 1047 1123 qua
1071 1038 1107 1098 et
1122 1026 1311 1121 antiquum
1331 1023 1456 1115 altare,
1474 1020 1581 1120 quod

522 1164 628 1239 supra
644 1164 684 1211 ex
703 1138 892 1214 solitudine
909 1156 1115 1214 concretam
1135 1139 1288 1213 herbam
1311 1164 1396 1213 oves
1411 1154 1448 1211 et
1461 1162 1581 1237 caprae

520 1252 725 1351 frequenter
760 1253 1009 1351 depascebant.
1043 1254 1111 1326 Ubi
1142 1256 1348 1327 testimonio
1373 1253 1577 1325 multorum

519 1393 609 1467 saepe
624 1369 662 1441 in
678 1368 736 1441 die
750 1367 900 1461 sabbati,
914 1369 1137 1441 sanctitatem
1146 1369 1216 1441 loci
1225 1367 1475 1465 significantes,
1490 1392 1579 1439 cau·

519 1482 609 1557 delae
627 1483 842 1557 videbantur
856 1482 993 1557 ardere.
1010 1488 1093 1572 Quo
1112 1482 1205 1557 lacto
1230 1484 1371 1557 excitati
1394 1482 1578 1579 indigeuae'

518 1602 664 1692 infirmi,
689 1617 725 1675 et
753 1616 834 1701 post
860 1602 968 1675 etiam
996 1602 1198 1698 alienigenae
1229 1600 1335 1674 multi
1357 1600 1441 1674 illuc
1455 1599 1495 1672 in
1508 1624 1576 1698 spe

516 1718 672 1791 sanitatis
701 1717 974 1806 concurrebant,
1000 1733 1036 1791 et
1061 1716 1290 1791 sanabantur.
1326 1722 1416 1790 Cum
1445 1732 1575 1789 autem

516 1834 638 1907 divino
654 1850 746 1906 nutu
761 1834 860 1908 locus
876 1834 935 1907 ille
961 1860 982 1906 a
1003 1834 1126 1907 multis
1139 1849 1214 1908 tam
1231 1834 1443 1933 propinquis
1459 1858 1572 1931 quam

516 1951 663 2024 remotis
691 1949 989 2048 frequentaretur,
1019 1949 1186 2023 destinati
1214 1966 1297 2024 sunt
1324 1949 1409 2023 illuc
1442 1950 1577 2023 fratres

514 2067 628 2139 nostri
646 2066 866 2139 venerabiles
881 2067 948 2138 viri
962 2064 1067 2138 bonae
1091 2066 1271 2139 memoriae
1297 2070 1453 2139 Herveus
1470 2066 1575 2165 prior

514 2195 549 2254 et
575 2179 657 2253 Odo
684 2183 920 2273 Torcetensis,
950 2182 1013 2279 qui
1041 2195 1078 2254 et
1106 2182 1264 2254 Domino
1284 2197 1409 2255 nostro
1435 2197 1470 2257 et
1497 2182 1575 2279 ejus

513 2293 623 2368 heatae
638 2297 809 2369 Genitrici
823 2296 1056 2388 deservirent,
1075 2296 1315 2396 locellumque
1330 2296 1430 2369 illum
1446 2284 1591 2371 divino'

512 2411 623 2483 cultui
638 2411 805 2510 adaptare
820 2427 855 2484 et
870 2412 1022 2485 exaltare
1034 2436 1182 2511 operam
1200 2412 1338 2485 darent.
1360 2412 1428 2486 Ubi
1447 2414 1569 2486 statim

512 2539 609 2600 tanta
631 2529 887 2600 miraculorum
907 2530 1008 2628 copia
1034 2528 1103 2602 sub
1131 2531 1380 2605 ammiratione
1403 2532 1571 2603 omnium

510 2638 549 2711 in
565 2640 666 2714 brevi
682 2643 852 2735 effloruit,
868 2658 910 2716 ut
922 2658 959 2716 et
971 2644 1018 2717 ab
1032 2643 1200 2718 omnibus
1213 2661 1405 2738 amaretur,
1422 2645 1469 2718 ab
1482 2670 1567 2719 om·

510 2754 615 2829 nibus
639 2758 905 2856 praedicaretur,
927 2774 965 2832 et
985 2784 1006 2831 a
1026 2760 1330 2859 quibuscumque¹
1358 2777 1569 2858 augmenta·

509 2886 621 2945 retur.
641 2872 832 2945 Multitudo
849 2874 1028 2974 siquidem
1043 2876 1301 2973 languentium,
1330 2878 1444 2976 etqui
1459 2902 1567 2951 vexa·

509 2984 643 3061 bantur
667 3012 688 3059 a
714 2989 898 3087 spiritibus
927 2992 1137 3084 immundis,
1168 3018 1234 3066 uec
1264 3019 1337 3066 non
1371 3020 1563 3086 (teucrum,

511 3101 720 3175 claudorum
746 3120 782 3177 et
803 3105 987 3179 aridorum
1003 3108 1277 3189 incommoditas
1299 3108 1435 3182 ibidem
1453 3110 1567 3209 depo-

511 3217 677 3291 nebatur.
697 3223 860 3307 Quorum
880 3221 1149 3315 miraculorum,
1172 3250 1257 3296 cum
1275 3225 1463 3297 innumera
1476 3251 1566 3325 ope·

509 3348 611 3406 rante
619 3333 725 3407 beata
735 3337 801 3408 Dei
808 3338 988 3411 Genitrice
997 3338 1120 3412 locum
1129 3339 1307 3414 celebrem
1318 3357 1563 3440 personarent,

508 3446 583 3520 duo
608 3449 945 3548 inpraesentiarum,
969 3478 1048 3552 quae
1073 3457 1149 3529 visu
1166 3472 1229 3529 aut
1250 3457 1375 3530 auditu
1397 3458 1566 3554 cognovi·

507 3586 603 3655 mus,
630 3565 765 3664 paginae
781 3570 945 3667 praesenti
967 3568 1014 3642 ad
1027 3569 1207 3645 honorem
1225 3571 1387 3671 ejusdem
1411 3572 1481 3647 loci
1501 3596 1563 3646 ac·

508 3680 744 3755 commodare
756 3684 974 3757 curavimus.

766 3919 858 3989 XIX.
884 3917 1099 3991 Mr'roculum
1114 3918 1157 3991 de
1182 3938 1293 3995 muta.

556 4118 640 4187 Erat
664 4116 828 4212 quaedam
853 4117 984 4191 nobilis
1013 4136 1191 4214 matrona,
1229 4126 1351 4198 multis
1377 4126 1480 4199 annis
1511 4130 1560 4203 vi·

508 4228 627 4320 duata,
638 4230 803 4305 uidelicet
817 4248 931 4306 mater
939 4236 1150 4311 venerabilis
1164 4239 1231 4311 riri
1247 4239 1387 4313 abbatis
1399 4242 1558 4318 Corbeiae

509 4498 515 4567 ¹.
531 4568 534 4573 Ι
546 4498 574 4555 1.
594 4500 620 4553 A
630 4498 732 4573 quibus
742 4498 808 4563 cod.
821 4519 875 4563 ms.
890 4534 929 4549 -
942 4505 971 4565 2.
988 4508 1244 4583 Improesemiarum
1254 4507 1361 4574 chesn.
1373 4509 1446 4577 edit.
