3742 5667
460 871 498 928 aa
678 860 841 922 mornas
863 846 1080 921 COMPthTEs
1102 862 1150 919 nn
1172 862 1306 921 socan.

459 999 671 1089 formidans,
690 996 884 1070 exercitum
900 995 1078 1069 celaverat
1096 995 1132 1067 in
1150 1010 1249 1095 parte
1262 997 1382 1089 castri,
1403 996 1522 1070 altitu-

458 1118 544 1193 dine
560 1113 745 1213 cujusdam
761 1114 916 1187 ecclesiae
931 1128 968 1186 et
983 1113 1161 1213 opacitate
1178 1113 1376 1186 vicinarum
1391 1113 1519 1186 domo·

458 1258 541 1305 rum
557 1231 778 1327 incognitum
794 1257 802 1300 ε
821 1230 884 1328 qui
900 1252 984 1302 cum
1000 1228 1165 1325 fugitivos
1176 1252 1260 1300 suos
1272 1229 1346 1326 jam
1359 1253 1426 1329 per
1439 1252 1523 1327 por·

457 1364 532 1422 tarn
548 1348 644 1419 exire
666 1345 817 1437 videret,
839 1360 1029 1446 pausatum
1055 1346 1251 1418 exercitum
1266 1344 1400 1417 lassatis
1415 1344 1521 1441 regiis

456 1463 633 1539 militibus
662 1463 812 1563 apponit
825 1465 852 1553 ¹,
883 1462 1089 1560 gravissime
1114 1462 1267 1560 impetit.
1296 1461 1368 1549 Qui
1401 1476 1522 1533 autem

458 1581 629 1679 gregatim
654 1578 839 1675 lugebant,
867 1578 1060 1651 loricarum
1085 1593 1121 1650 et
1142 1602 1328 1650 armorum
1351 1578 1522 1675 gravitate

458 1696 568 1796 pedes
589 1696 736 1792 gravati,
766 1693 966 1766 ordinatam
991 1693 1177 1793 equitum¹
1201 1694 1314 1766 aciem
1342 1693 1400 1767 vix
1417 1694 1522 1767 susti-

458 1837 545 1885 nere
570 1812 742 1904 valentes,
767 1835 832 1911 per
851 1826 1067 1909 occupatum
1089 1810 1262 1883 fossatum
1287 1834 1371 1882 cum
1402 1811 1523 1910 pedite

458 1950 555 2021 rege,
581 1940 664 2023 post
689 1924 900 1996 innumeros
922 1923 1025 2015 ictus,
1049 1938 1132 2022 post
1157 1922 1300 2019 longam
1320 1921 1523 1994 alternatim

458 2041 746 2130 dimicationem,
790 2054 1105 2112 retrocesserunt:
1144 2052 1321 2136 quantum
1352 2039 1524 2137 sapientia

456 2171 602 2257 praestet
626 2154 796 2247 audaciae,
819 2156 904 2228 licet
919 2179 1013 2247 sero,
1033 2153 1371 2245 animadvertentes,
1390 2178 1475 2226 cum
1495 2154 1525 2227 si

457 2297 519 2346 eos
535 2272 691 2345 ordinati
708 2271 746 2343 in
765 2295 895 2370 campo
914 2285 1154 2370 expectarent,
1179 2270 1359 2343 voluntati
1373 2294 1445 2342 suae
1461 2294 1525 2342 eos

457 2389 609 2462 omnino
624 2388 867 2485 subjugarent.
883 2392 1017 2459 Verum
1037 2410 1121 2459 curn
1137 2387 1299 2458 acierum
1310 2384 1525 2458 confusione

459 2504 566 2576 soluti
588 2528 655 2575 nec
674 2526 788 2602 equos
810 2526 894 2575 suos
915 2502 1152 2602 reperirent⁸,
1172 2527 1238 2575 nec
1260 2500 1348 2599 quid
1370 2501 1526 2574 facerent

460 2619 713 2709 deliberarent,
736 2641 798 2689 rex
818 2642 892 2690 non
916 2643 997 2712 suc,
1015 2616 1078 2691 sed
1094 2616 1214 2690 alieno
1236 2616 1393 2689 insidens
1413 2642 1521 2715 equo,

460 2738 641 2809 animosus
662 2732 859 2825 resistebat,
885 2734 1063 2809 clamosus
1087 2732 1290 2825 revocabat,
1308 2734 1525 2807 nominatim

459 2851 667 2925 audaciores
691 2875 738 2923 ne
759 2850 922 2947 fugerent
941 2850 1167 2924 sollicitabat.
1197 2856 1276 2951 lpse
1292 2866 1414 2925 autem
1431 2852 1527 2925 inter

461 2968 605 3041 hostiles
619 2991 767 3059 cuneos,
784 2984 905 3040 exerto
917 2966 1049 3064 gladio,
1062 2968 1195 3067 quibus
1207 2982 1348 3068 poterat
1360 2968 1525 3067 praesidio

460 3098 549 3171 erat,
568 3083 711 3181 fugaces
728 3081 927 3179 refugabat,
950 3098 984 3155 et
1001 3083 1096 3156 ultra
1112 3108 1223 3182 quam
1238 3085 1374 3179 regiam
1390 3086 1401 3123 ⁶
1416 3083 1524 3159 dece·

459 3214 516 3271 ret
540 3200 776 3296 majestatem,
799 3198 902 3272 miles
931 3202 1112 3295 emeritus,
1143 3200 1265 3273 militis
1289 3198 1424 3294 officio,
1448 3225 1525 3274 non

460 3314 566 3410 regis,
593 3314 819 3410 singulariter
845 3314 1064 3393 decertabat.
1095 3320 1188 3390 Cum
1213 3332 1334 3389 autem
1357 3341 1526 3390 corruere

462 3430 670 3521 exercitum,
685 3455 778 3529 equo
795 3432 937 3523 lassato,
954 3433 1050 3505 solus
1074 3432 1270 3533 prohibere
1285 3457 1359 3505 non
1375 3432 1524 3526 valeret,

461 3543 562 3618 adest
579 3547 735 3643 armiger
761 3548 825 3646 qni
849 3548 1062 3648 proprium⁸
1085 3547 1250 3622 reducit⁶
1274 3548 1523 3641 dextrarium

501 3828 533 3886 l.
552 3828 676 3904 Oppono
685 3824 915 3886 substituendum
925 3847 993 3887 cum
1004 3828 1198 3889 Benedictinis
1210 3848 1375 3890 censemus.

497 3922 534 4071 l2.
557 3918 706 4072 Sicdquat.
723 3918 811 3983 codd.
832 3932 921 4001 atque
945 3920 1016 3985 edit.
1040 3922 1187 3983 Benedict.
1203 3954 1243 3970 —
1256 3926 1389 3984 Peditum
1418 3926 1474 3983 tat
1497 3936 1527 3983 et

463 4030 497 4073 re
508 4012 551 4093 iq.
564 4015 602 4073 ed
625 4058 634 4074 .

503 4111 534 4168 3.
549 4108 593 4166 lta
604 4106 744 4167 editiones
757 4106 873 4167 chenii
885 4126 920 4168 ac
933 4109 1081 4171 Benedict.
1100 4142 1139 4156 -
1152 4110 1290 4188 Reperire
1303 4128 1404 4170 omnes
1421 4108 1525 4187 codd„

462 4201 589 4281 itemque
601 4202 671 4262 edit.
691 4204 791 4263 Germ.

504 4298 534 4355 i.
549 4298 668 4374 Regiam
679 4296 760 4357 deest
773 4295 805 4355 iu
817 4298 885 4358 ood.
901 4302 971 4372 135,
983 4311 1070 4378 atque
1081 4298 1112 4358 in
1126 4296 1194 4358 edd.
1207 4300 1308 4381 Gerra.
1323 4312 1353 4359 et
1365 4300 1474 4363 Chesn.

502 4392 532 4448 5.
550 4388 597 4447 sic
613 4390 726 4450 codices
744 4408 843 4449 omnes
864 4409 898 4450 ac
918 4390 990 4452 edit.
1014 4392 1165 4452 Benedict.
1188 4424 1229 4437 -
1252 4394 1382 4452 Primum
1400 4394 1430 4454 in
1454 4392 1526 4454 reli·

464 4487 669 4643 quiedam
683 4585 740 4643 tat
751 4595 839 4663 atque
849 4585 917 4645 edd.
932 4616 973 4631 -
984 4588 1111 4646 &ducat
1122 4596 1202 4665 quat.
1216 4584 1320 4666 reliqui
1331 4588 1417 4648 codd.
