3742 5667
619 764 681 820 vin
699 763 750 819 nn
764 749 875 821 nouis
895 761 942 819 nn
961 761 1070 821 caus.
1362 768 1399 824 se

337 915 441 968 orare
457 891 607 992 fingens,
617 920 690 994 quo
702 894 850 968 intraret
863 893 910 968 ad
926 893 1132 967 Guidonem
1149 894 1308 992 ingressu
1319 922 1399 997 spe-

337 1009 490 1102 culatus,
503 1037 547 1084 eo
568 1037 643 1110 quo
667 1011 787 1084 Guido
814 1011 905 1085 ostio
929 1012 1064 1084 intrare
1082 1011 1268 1086 ecclesiam
1286 1030 1400 1088 matu-

337 1126 452 1217 rabat,
483 1127 633 1225 irrupit3
662 1142 856 1226 exertoque
885 1127 1017 1224 gladio,
1043 1152 1127 1199 cum
1159 1129 1396 1227 nequissimis,

336 1243 453 1330 sociis,
483 1243 631 1343 propria
662 1243 847 1342 iniquitate
874 1242 1117 1316 debacchatus
1140 1245 1238 1332 furit,
1264 1246 1400 1344 impru-

337 1358 506 1452 dentem,
539 1373 593 1450 et,
626 1361 654 1432 si
686 1384 761 1432 non
794 1359 942 1432 sentiret
969 1359 1149 1456 gladium,
1182 1361 1399 1437 arridentem

336 1474 503 1569 percutit,
525 1487 658 1544 mactat
677 1487 714 1544 et
738 1471 869 1572 perdit.
896 1469 1005 1559 Quod
1026 1472 1158 1545 nobilis
1180 1473 1290 1573 ipsius
1305 1499 1397 1548 con·

332 1585 421 1682 junx
433 1586 575 1682 ridens,
594 1587 735 1688 stupida
743 1613 850 1687 genas
865 1602 902 1660 et
919 1585 1067 1687 capillos
1079 1588 1247 1663 muliebri
1260 1591 1397 1663 ultione

335 1701 543 1796 dilacerans,
563 1704 610 1777 ad
631 1704 801 1780 maritum
823 1705 948 1796 currit,
969 1720 1125 1777 mortem
1152 1731 1225 1779 non
1253 1732 1394 1802 curans,

336 1820 447 1918 seipsa
469 1845 680 1921 supereum
701 1821 1004 1921 corruensoperit
1025 1848 1033 1892 ι
1072 1853 1090 1890 α
1122 1825 1190 1916 lle,
1216 1823 1395 1922 inquiens,

337 1959 434 2008 «me
453 1938 634 2029 miseram,
653 1952 689 2008 et
705 1939 755 2010 sic
777 1938 870 2010 mori
892 1936 1058 2009 meritam
1077 1937 1210 2036 potius,
1237 1939 1397 2013 vilissimi

338 2084 358 2122 ι
373 2053 571 2145 carnifices,
588 2043 843 2128 detruncate.»
862 2057 1031 2151 Ictusque
1048 2067 1084 2124 et
1097 2053 1248 2127 vulnera
1261 2055 1394 2151 gladia·

334 2188 466 2263 torum,
477 2173 609 2244 marito
626 2171 860 2271 superposita,
871 2171 1067 2268 excipiens:
1088 2199 1107 2240 u
1118 2170 1217 2258 Quid
1233 2173 1270 2244 in
1280 2174 1391 2264 istos¹,

337 2287 566 2374 «carissime,
595 2287 788 2384 deliquisti,
819 2285 969 2385 sponse?
1003 2289 1129 2356 Nonne
1158 2299 1194 2357 et
1224 2304 1396 2382 generet

338 2429 476 2478 «socer
495 2404 600 2475 amici
623 2401 887 2488 indissolubiles
910 2401 1047 2474 eratis?
1073 2403 1245 2488 Quaenam
1264 2417 1318 2476 est
1341 2403 1397 2474 in·

337 2551 354 2586 a
373 2520 497 2593 sunia?
516 2519 614 2592 Pleni
630 2519 713 2590 estis
728 2520 861 2592 mania.
883 2547 900 2586 s
919 2521 1037 2605 Quam
1059 2541 1145 2590 cum
1164 2542 1230 2615 per
1250 2519 1397 2617 capillos

334 2650 581 2736 retorquentes
607 2633 851 2732 digladiatam,
885 2635 1085 2733 punctam²,
1124 2649 1161 2706 et
1193 2657 1285 2733 pene
1317 2649 1396 2708 toto

333 2776 485 2851 corpore
507 2775 632 2824 caesam
660 2749 880 2840 avulsissent,
899 2749 1018 2821 virum
1047 2742 1394 2848 morte'turpissima

333 2883 577 2967 peremerunt,
594 2865 745 2939 infantes
759 2892 851 2964 quos
866 2866 1097 2957 invenerunt,
1114 2866 1313 2940 Herodiana
1332 2891 1396 2940 ne·

333 2984 458 3082 quitia,
477 3008 567 3082 rupe
582 2983 701 3055 allisos
715 2983 952 3055 extinxerunt.
981 2985 1144 3078 Cumque
1168 2981 1236 3055 hac
1254 2996 1289 3053 et
1312 2983 1396 3056 illac

333 3099 539 3174 frendentes
555 3096 881 3185 debaccharentur,
891 3099 1019 3198 supina
1036 3096 1177 3188 mulier,
1195 3098 1316 3171 levans
1332 3099 1398 3171 mi·

333 3241 453 3290 serum
479 3231 599 3316 caput,
627 3231 795 3287 truncum
820 3217 991 3287 maritum
1008 3215 1251 3310 recognoscit;
1274 3239 1397 3288 amore

333 3342 447 3433 rapta,
468 3357 539 3431 qua
554 3332 672 3430 potuit
682 3331 906 3429 impotentia,
926 3354 1073 3428 serpens
1091 3353 1194 3401 more
1208 3330 1394 3428 serpentis,

332 3464 491 3521 setotam
509 3447 738 3544 sanguineam
749 3447 1003 3538 contrectans⁸,
1016 3444 1062 3517 ad
1073 3445 1226 3517 cadaver
1235 3445 1397 3517 exanime

331 3562 489 3656 devenit,
512 3577 548 3635 et
574 3586 809 3661 quaecumque
831 3574 985 3661 poterat,
1015 3559 1105 3632 acsi
1130 3559 1243 3650 vivo‘,
1273 3559 1396 3632 oscula

333 3680 531 3778 gratissima
548 3677 753 3778 porrigebat
762 3706 773 3770 3
791 3692 827 3750 et
843 3674 986 3772 lugubri
1000 3699 1192 3775 erumpens
1205 3676 1393 3769 cantilena,

372 3935 407 3994 l.
423 3931 505 4008 Quid
516 3933 545 3986 in
558 3933 623 4002 isto,
637 3929 681 3984 ait
695 3925 786 3984 6265.
801 3954 842 3969 -
859 3925 980 3998 Quando
996 3927 1028 3979 in
1039 3927 1108 3981 istos
1115 3923 1163 3984 cd.
1177 3923 1279 3984 Germ.

373 4030 402 4084 Ξ.
418 4030 555 4086 Punctum
578 4024 687 4093 letto,
704 4021 782 4079 6265
801 4037 835 4077 ac
856 4017 927 4078 edit.
943 4015 1091 4077 Benedict.
1107 4047 1147 4064 -·
1165 4022 1318 4078 Punrrr'tam
1337 4021 1394 4081 543

333 4131 361 4180 et
374 4123 445 4181 135.
459 4151 500 4165 -
512 4122 648 4178 Punicam
664 4112 733 4173 edd.
749 4112 848 4172 Germ.
867 4123 897 4171 et
911 4109 1016 4172 ehesn.
1030 4142 1071 4156 -
1080 4113 1162 4170 Hanc
1178 4129 1278 4172 vocem
1289 4110 1397 4172 omittit

335 4217 461 4366 59{ibic
473 4315 557 4382 quat.
572 4299 657 4362 codd.
675 4311 762 4378 atque
775 4295 925 4359 Benedict.
935 4327 976 4342 —
988 4298 1177 4373 concoquens
1190 4299 1249 4358 tut
1267 4309 1297 4359 et
1309 4295 1394 4378 reliq.

332 4397 398 4554 edil:
418 4496 490 4550 Viro
504 4490 555 4551 ed.
571 4487 676 4550 chesn.
688 4517 728 4532 -
739 4491 865 4555 Summe,
879 4504 934 4564 pro
946 4505 982 4542 ac
993 4490 1020 4542 si
1031 4489 1100 4557 vivo,
1112 4482 1161 4546 ed.
1175 4485 1276 4548 Germ.
